1615 2997
296 332 328 380 8
660 357 663 361 «
732 328 1032 370 FABn1cA

295 441 440 485 modo
464 441 605 485 'aliter
651 442 939 503 appellassent
971 454 1259 485 antennarum
1290 456 1478 491 nomen,

296 531 461 573 iisdem
496 532 596 592 post
631 516 1003 576 restaurationem
1039 532 1258 576 historiae
1297 544 1480 574 natura-

296 620 355 663 lis
394 621 600 664 inditum
644 634 688 664 et
730 622 991 665 vindicavit
1034 635 1078 665 et
1123 621 1360 665 stabilivit.
1439 621 1481 662 A

298 725 391 769 quo
435 710 543 753 inde
595 724 802 771 tempore
836 712 886 753 in
917 711 1259 759 examinandis,
1323 709 1481 752 distin-

299 799 492 858 guendis
546 813 679 859 atque
734 800 1014 843 delineandis
1075 800 1284 842 antennis
1334 799 1484 841 maxi-

299 903 425 928 mam
461 905 616 930 curam
651 889 976 932 adhibuerunt.
1043 891 1164 933 Nam
1195 905 1317 937 cum,
1353 904 1483 947 quas-

301 992 481 1035 cunque
512 990 739 1021 tentarent
772 978 1159 1027 elasslficationes,
1211 993 1320 1037 quas
1354 977 1485 1035 syste-

301 1078 422 1107 mata
455 1068 649 1116 vocant,
684 1068 810 1111 hisce
839 1069 1080 1128 praecipue
1109 1066 1349 1116 fulcirent,
1382 1067 1483 1109 imo

301 1155 605 1199 acutiffimus·
634 1155 895 1207 fabricius,
957 1171 1238 1216 quamquam
1272 1172 1366 1197 non
1401 1155 1485 1197 nist

301 1243 600 1288 instrumenta
646 1245 816 1288 cibaria
854 1246 903 1288 in
938 1244 1207 1289 definiendis
1242 1243 1485 1303 generibus

302 1333 588 1391 sequeretur,
650 1348 804 1377 tamen
851 1348 1068 1378 antennas
1112 1350 1334 1394 generum
1381 1333 1485 1376 cha-

301 1423 552 1466 racteribus
581 1424 876 1483 adjungeret:
923 1440 1019 1467 non
1048 1423 1256 1471 defuere,
1303 1422 1384 1482 qui
1417 1422 1504 1464 di·-

302 1510 591 1561 stinctiones,
656 1529 765 1571 quas
801 1513 854 1555 ad
890 1512 1179 1555 describenda
1211 1513 1376 1554 insecta
1408 1528 1484 1554 en-

303 1601 539 1660 tomologi
565 1603 869 1651 invenissent,
920 1602 1215 1661 colligerent,
1259 1601 1378 1643 etin
1413 1617 1483 1643 ca·

302 1690 401 1748 pita
430 1703 576 1749 -atque
614 1691 763 1734 classes
805 1692 1078 1750 redigerent.
1144 1692 1249 1748 Quo
1297 1690 1487 1748 quidem

304 1778 481 1828 studio,
551 1780 675 1839 quod
719 1780 773 1822 ad
805 1793 1038 1823 externam
1072 1780 1341 1823 varietatem
1383 1778 1486 1820 atti·

304 1880 410 1917 net,
447 1869 558 1913 adeo
597 1869 838 1928 diligentes
870 1868 1081 1917 fuerunt,
1127 1880 1178 1910 ut
1207 1867 1488 1910 differentias

306 1972 402 2000 non
448 1958 696 2001 structurae
737 1958 908 2007 modo,
965 1957 1037 2001 sed
1082 1957 1219 2000 etiam
1254 1956 1487 1999 diversita-

308 2058 374 2089 tes
410 2045 597 2106 figurae,
633 2048 986 2095 terminationis,
1024 2045 1375 2094 articulationis,
1405 2062 1489 2089 ve-

307 2135 468 2184 stitus,
528 2136 816 2186 insertionis,
882 2137 982 2179 imo
1028 2136 1197 2179 coloris
1229 2133 1486 2184 definirent,

307 2223 430 2266 haud
472 2218 589 2274 seio,
646 2243 701 2268 an
735 2226 876 2269 nimis
909 2224 1094 2268 subtiles
1128 2228 1186 2281 Ι).
1250 2226 1373 2269 Nam
1408 2223 1490 2283 qui

308 2329 356 2356 v.
387 2306 423 2357 c..
468 2314 756 2374 distinguunt
793 2315 914 2358 inter
955 2326 1172 2357 antennas
1218 2317 1269 2371 α)
1302 2314 1488 2372 pelluci-

311 2403 393 2445 das
426 2403 657 2452 Pediculi,
717 2417 761 2447 et
788 2409 844 2461 β)
875 2419 1034 2463 opacas
1081 2402 1340 2451 Scarabaei,
1407 2401 1489 2444 tali

309 2492 617 2536 minutiarum
662 2493 996 2537 consectatione
1039 2505 1082 2536 et
1112 2493 1210 2536 otio
1243 2493 1323 2536 suo
1358 2489 1488 2534 abuti
