1615 2997
282 283 341 313 22
703 272 1006 315 FABch

281 386 567 445 parationem
614 402 720 430 cum
765 388 889 447 spina
932 388 1050 432 dorfi
1092 389 1325 446 maJ'orum
1360 388 1454 432 ani-

280 474 500 524 malium;
562 492 669 519 nam
717 476 1036 522 vertebrarum
1068 476 1214 537 figura
1240 478 1291 520 in
1317 477 1456 527 bove,

280 579 426 621 equo,
462 564 581 608 asmo
607 563 688 611 rel.
718 566 847 608 varia
879 565 934 609 ab
962 567 1232 610 anatomicis
1262 567 1459 610 minime

280 665 599 702 enumeratur,
677 669 824 713 neque
880 654 1124 699 adducitur
1171 672 1278 698 cum
1324 656 1458 699 usum

280 739 430 798 spinae
463 741 720 800 generalem
748 743 1011 803 physiologi
1042 744 1235 792 docent,
1282 746 1458 804 proces·

279 829 413 872 suum
443 830 495 873 in
524 830 714 891 fingulis
748 830 975 877 vertebris
1002 832 1267 893 longitudo.

805 1011 847 1065 ᾗ.
883 1026 925 1070 9.

585 1110 731 1154 Apex3
779 1121 872 1146 non
898 1107 1155 1156 perforatus.

341 1187 571 1231 Hactenus
605 1188 660 1231 de
694 1189 898 1232 articulis
943 1201 1268 1237 antennarum,
1330 1188 1463 1231 restat

280 1286 333 1316 ut
371 1275 427 1317 de
470 1276 595 1335 apice
640 1294 782 1336 pauca
821 1277 1110 1335 adjiciantur.
1185 1279 1229 1320 Is
1271 1276 1462 1336 quidem

280 1362 417 1405 estin
451 1364 722 1407 universum
755 1365 946 1424 simplex
958 1398 970 1418 ,
1004 1365 1097 1408 hoc
1130 1365 1213 1408 est:
1264 1364 1462 1409 ultimus

281 1450 527 1501 articulus,
594 1452 785 1512 reliquis
817 1454 1080 1497 simillimus
1113 1467 1192 1498 aut
1226 1465 1462 1497 truncatus

280 1552 491 1600 apparet,
525 1554 579 1584 ut
606 1542 657 1584 in
684 1540 1011 1591 filiformibus,
1048 1554 1149 1592 aut,
1196 1542 1323 1602 quod
1355 1543 1462 1585 seta-

282 1644 380 1672 ceas
429 1630 668 1673 constituit
709 1631 759 1673 in
805 1647 997 1674 acumen
1036 1643 1323 1677 extenuatur.
1401 1632 1465 1674 At-

279 1717 411 1766 sunt,
467 1735 580 1778 quae
619 1719 822 1762 crassiori
855 1718 1048 1764 articulo
1083 1719 1112 1761 s.
1146 1718 1273 1762 clava
1304 1718 1462 1760 termi-

278 1819 447 1849 nentur
479 1807 607 1850 utin
638 1806 908 1850 Histeribus.
973 1808 1126 1856 Nam,
1172 1823 1284 1866 quae
1313 1806 1461 1866 vulgo

278 1894 626 1954 praedicantur,
662 1895 814 1939 clavae
844 1893 993 1938 fissiles
1027 1894 1383 1938 scarabaeorum
1418 1906 1463 1938 et

279 1982 546 2042 perfoliatae
579 1984 844 2044 Silpharum
873 1996 917 2026 et
941 1983 1247 2041 Dytifcorum
1279 1999 1458 2032 eorum,

281 2072 364 2131 qui
397 2073 498 2129 jure
531 2071 821 2136 Hydrophili
844 2070 1059 2115 Fabricio
1088 2071 1304 2121 audiunt,
1360 2071 1462 2114 illas

279 2161 336 2203 ad
369 2162 545 2220 apicem
583 2162 779 2209 minime
811 2159 1080 2208 referimus;
1141 2159 1313 2224 quippe
1348 2175 1462 2219 quae

281 2267 304 2293 e
358 2249 637 2309 proceffibus
696 2248 1001 2297 articulorum
1058 2249 1123 2292 ita
1187 2249 1463 2307 compositae

280 2340 409 2388 sunt,
439 2352 492 2381 ut
523 2338 646 2382 nihil
677 2356 785 2382 cum
820 2337 946 2399 apice
973 2353 1222 2399 commune
1248 2336 1458 2381 habeant.

280 2431 325 2472 Is
353 2428 478 2472 enim
509 2429 559 2471 in
595 2427 668 2472 his
703 2428 888 2477 durior,
934 2441 1135 2488 parvus,
1184 2424 1459 2470 rotundatus
