1615 2997
332 209 393 252 26
821 207 900 249 DE
939 221 1035 250 vsu

334 324 473 383 Quod
503 324 689 384 quidem
725 325 807 384 ipsi
837 324 971 385 pueri
1003 323 1117 368 bene
1149 325 1320 375 sciunt,
1368 325 1517 370 Melo-

331 413 545 459 lontham
578 415 628 457 in
662 415 800 474 digiti
834 415 959 475 apice
988 415 1133 458 securi
1160 416 1402 474 gestantes,
1439 416 1524 460 do-

331 520 416 548 nec
446 504 538 548 hoc
571 505 691 564 quasi
724 505 851 564 [igno
887 504 1022 565 fugae
1061 504 1380 548 sollicitantur.
1439 507 1519 548 At-

332 596 413 654 qui
445 610 550 636 cum
586 610 732 654 neque
766 610 1020 654 puerorum
1050 594 1192 654 digiti
1221 607 1399 638 nectare
1434 589 1552 636 f1-a-'

330 699 461 743 grare
510 699 657 743 neque
709 683 945 727 Sem-abaei
986 685 1037 726 in
1083 684 1251 727 iisdem
1305 683 1519 727 delectari

329 772 525 822 soleant,
592 772 647 815 ab
679 772 850 816 olfactu
881 773 960 816 iste
995 785 1151 817 motus
1181 773 1313 834 plane
1345 773 1520 817 alienus

330 863 403 906 est.
468 863 613 906 Nares
660 862 839 922 patulae
885 864 993 922 equi
1037 864 1282 912 concitati,
1342 864 1427 906 nist
1461 862 1517 907 ab

327 951 595 995 auctoribus
658 953 762 1012 ipsis
811 952 861 994 in
916 952 1269 995 similitudinem
1328 948 1518 996 vocatae

327 1045 438 1092 fint,
483 1042 538 1085 ad
573 1042 811 1086 ridendam
850 1041 1124 1102 hypothesin
1153 1042 1325 1101 magis,
1377 1058 1514 1100 quam

325 1132 382 1175 ad
413 1131 744 1175 defendendam
777 1132 936 1175 citatae
964 1131 1226 1175 videantur.

385 1222 688 1282 Igneumonis
743 1220 1010 1264 Iaculatoris
1071 1221 1298 1265 foeminas
1343 1220 1517 1262 addunt

325 1312 466 1355 solere
502 1324 718 1363 antennas
752 1311 801 1353 in
827 1310 1088 1360 foramina,
1146 1327 1169 1353 a
1202 1310 1345 1354 larvis
1375 1309 1516 1370 Sphe-

329 1402 401 1461 gis
434 1399 569 1460 figuli
604 1400 850 1450 terebrata,
913 1401 1195 1449 immittere,
1264 1417 1318 1444 eo
1352 1411 1515 1460 putant

323 1490 514 1535 consilio
532 1524 544 1540 ,
591 1503 643 1533 ut
671 1491 806 1534 odore
837 1489 1030 1534 latebras
1059 1490 1296 1534 larvarum
1324 1489 1514 1549 cognos-

323 1594 453 1631 cant,
515 1597 572 1624 ne
611 1581 661 1623 in
703 1596 870 1623 vacuas
913 1580 1033 1624 sedes
1077 1580 1219 1624 ovula
1251 1592 1427 1640 ponant
1452 1604 1514 1612 —-

320 1671 548 1715 Probatur
578 1670 917 1719 observatione,
982 1671 1171 1714 scrutari
1204 1669 1540 1728 Igneumones‘

322 1761 531 1804 antennis
564 1759 800 1803 larvarum
835 1759 1052 1808 latebras,
1090 1775 1182 1818 quo
1222 1755 1382 1801 sensu?
1414 1772 1511 1800 non

321 1850 494 1910 liquet;
559 1849 852 1894 auscultando
887 1849 1102 1909 inquient
1145 1848 1328 1891 auditus
1360 1846 1509 1890 fauto-

320 1957 418 1990 res,
464 1940 694 1999 tangendo
724 1953 896 1986 tactus3
960 1939 1133 1986 miror,
1197 1936 1326 1997 quod
1353 1937 1509 1979 visum

319 2031 412 2074 hoc
449 2042 723 2091 argumento
758 2029 965 2072 antennis
995 2027 1244 2072 adscribere
1281 2043 1376 2070 non
1410 2039 1508 2070 ten-

318 2121 534 2164 taverint.
613 2122 737 2166 Nam
783 2120 832 2163 in
873 2118 965 2162 hoc
1015 2118 1278 2178 plurimum
1330 2116 1509 2176 peccari

320 2209 457 2259 solet,
527 2209 651 2269 quod
687 2209 800 2252 bene
849 2208 1110 2256 observata,
1173 2223 1280 2250 cum
1314 2205 1418 2265 plus
1450 2220 1507 2247 ex

294 2295 378 2342 ‘iis
407 2298 680 2342 concludere
712 2312 919 2342 auctores
944 2297 1236 2345 contendant,
1271 2296 1504 2351 conjectu·

318 2405 478 2437 rarum
516 2388 788 2434 admistione
819 2382 1194 2448 corrumpuntur.
1261 2385 1392 2428 Idem
1425 2400 1505 2426 va-
