1615 2997
418 318 905 362 ANTENNARUM.
1197 334 1248 361 11

79 446 198 484 ceat,
257 436 320 478 'ut
360 448 536 493 praeter
588 450 660 483 ea,
727 449 840 493 quae
882 433 933 476 in
980 432 1249 477 universum

77 523 276 583 notanda
317 524 427 572 fint,
482 523 532 566 in
563 523 622 566 iis
661 521 940 582 explicandis
966 520 1249 572 haereamus,

78 628 192 672 quae
237 625 421 655 externa
463 612 701 654 internave
738 622 1038 654 antennarum
1067 610 1250 670 physio-

75 700 176 760 logi
208 716 366 744 curam
405 713 680 745 mereantur.
743 701 798 742 In
827 715 919 758 quo
954 699 1142 758 quidem
1175 717 1251 745 ex·

77 790 228 833 amine
261 789 397 851 altera
428 788 757 849 disquifitionis
791 804 893 848 pars
922 788 1144 838 confistit;
1181 805 1250 833 re-

73 879 156 923 stat
182 879 332 922 *altera
377 878 564 936 adjectis
622 876 1019 922 observationibus
1071 877 1125 923 de
1168 880 1253 922 usu

74 967 246 1012 horum
282 951 565 1027 organorum
595 966 892 1026 disputatura.
969 968 1118 1025 Quam
1152 967 1252 1027 qui-

76 1055 183 1099 dem
227 1055 283 1099 ad
320 1055 462 1100 alium
501 1055 714 1102 libellum
772 1053 1114 1105 transferimus,
1176 1056 1252 1100 cui

74 1143 313 1190 scribendo
347 1145 518 1190 oceafio
548 1145 646 1202 jam
677 1144 728 1187 in
759 1155 953 1205 promtu
984 1143 1057 1189 est.

607 1322 651 1377 Β.
678 1329 722 1381 4.

289 1418 402 1454 Num
437 1423 605 1452 careant
633 1414 824 1450 antennis
855 1413 1042 1451 insecta?

138 1504 384 1561 Quotquot
432 1502 534 1544 stult
583 1501 798 1544 animalia
854 1517 1070 1560 corpore,
1160 1503 1259 1546 vita

77 1590 355 1651 organisque
389 1589 589 1638 diversa,
650 1587 801 1638 nulla,
863 1602 1041 1648 praeter
1070 1590 1252 1640 insecta,

75 1680 125 1722 in
170 1679 315 1739 capite
357 1690 572 1721 antennas
611 1690 791 1736 gerunt.
866 1679 1016 1734 Quam
1061 1678 1122 1722 ob
1155 1696 1255 1723 rem

72 1766 218 1811 obvia
263 1778 329 1810 est
378 1765 604 1825 quaestio,
663 1781 780 1808 num
824 1766 981 1810 omnia
1038 1780 1255 1811 antennas

74 1854 271 1899 habeant
314 1851 518 1898 insecta?
576 1877 639 1890 --·
683 1853 813 1902 ‚haec
863 1870 1033 1914 organa
1081 1868 1254 1914 pertra-

75 1944 220 1987 ctanti
257 1959 311 1987 eo
355 1943 511 1988 minus
554 1941 767 1991 vitanda,
830 1958 936 1986 cum
969 1943 1020 1987 in
1049 1943 1141 1986 hoc
1171 1960 1254 2004 op-

76 2032 306 2077 timorum
365 2044 611 2075 auctorum
668 2031 871 2075 maxima
928 2033 982 2087 fit
1029 2030 1252 2077 diffenfio.

76 2120 335 2168 Ennaeas,
399 2134 505 2163 cum
537 2120 829 2181 praecipuam
861 2120 1141 2163 insectorum
1179 2120 1254 2163 de-

77 2205 341 2252 finitionem
388 2207 442 2251 ab
487 2208 706 2264 ante-nnis„
751 2207 1074 2255 desumendam
1123 2222 1254 2268 puta-

77 2308 175 2345 ret,
214 2295 433 2341 omnibus
465 2296 645 2342 insectis
679 2313 749 2343 eas
781 2295 958 2341 tribuit.
1025 2299 1125 2356 Qua
1153 2288 1255 2357 qui-

78 2383 185 2427 dem
217 2384 267 2427 in
293 2400 340 2426 re
369 2401 393 2426 a
424 2384 638 2444 plurimis
677 2386 853 2430 secutus
894 2386 954 2431 est
994 2385 1254 2431 entomolo-

80 2472 182 2532 gis,
251 2473 334 2534 qui
367 2473 541 2535 semper
571 2475 779 2520 antennis
813 2487 1026 2521 ornatum
1053 2473 1138 2520 effe
1169 2473 1255 2520 ho·
