<?xml version="1.0" encoding="UTF-8"?>
<!DOCTYPE html PUBLIC "-//W3C//DTD XHTML 1.0 Transitional//EN"
    "http://www.w3.org/TR/xhtml1/DTD/xhtml1-transitional.dtd">
<html xmlns="http://www.w3.org/1999/xhtml" xml:lang="en" lang="en">
 <head>
  <title>
</title>
<meta http-equiv="Content-Type" content="text/html;charset=utf-8" />
  <meta name='ocr-system' content='tesseract 3.04.00' />
  <meta name='ocr-capabilities' content='ocr_page ocr_carea ocr_par ocr_line ocrx_word'/>
</head>
<body>
  <div class='ocr_page' id='page_1' title='image "./deantennisinsect00lehm_0102.png"; bbox 0 0 1615 2997; ppageno 0'>
   <div class='ocr_carea' id='block_1_1' title="bbox 342 228 1029 284">
    <p class='ocr_par' dir='ltr' id='par_1_1' title="bbox 342 228 1029 284">
     <span class='ocr_line' id='line_1_1' title="bbox 342 228 1029 284; baseline -0.003 -12"><span class='ocrx_word' id='word_1_1' title='bbox 342 233 402 284; x_wconf 68' lang='grc'>44</span> <span class='ocrx_word' id='word_1_2' title='bbox 826 228 902 270; x_wconf 66' lang='grc' dir='ltr'>ΒΕ</span> <span class='ocrx_word' id='word_1_3' title='bbox 936 241 1029 271; x_wconf 73' lang='lat' dir='ltr'>Usu</span> 
     </span>
    </p>
   </div>
   <div class='ocr_carea' id='block_1_2' title="bbox 290 343 1517 2182">
    <p class='ocr_par' dir='ltr' id='par_1_2' title="bbox 340 343 1515 492">
     <span class='ocr_line' id='line_1_2' title="bbox 340 343 1515 406; baseline 0.004 -19"><span class='ocrx_word' id='word_1_4' title='bbox 340 345 412 387; x_wconf 81' lang='lat' dir='ltr'>xit</span> <span class='ocrx_word' id='word_1_5' title='bbox 439 369 500 379; x_wconf 88' lang='grc'>--</span> <span class='ocrx_word' id='word_1_6' title='bbox 525 357 621 387; x_wconf 77' lang='lat' dir='ltr'>non</span> <span class='ocrx_word' id='word_1_7' title='bbox 653 359 780 386; x_wconf 79' lang='lat' dir='ltr'>aures</span> <span class='ocrx_word' id='word_1_8' title='bbox 810 369 871 378; x_wconf 61' lang='lat'>2-—</span> <span class='ocrx_word' id='word_1_9' title='bbox 920 343 1016 392; x_wconf 75' lang='lat' dir='ltr'>sed,</span> <span class='ocrx_word' id='word_1_10' title='bbox 1079 360 1191 403; x_wconf 81' lang='lat' dir='ltr'>quae</span> <span class='ocrx_word' id='word_1_11' title='bbox 1233 344 1412 406; x_wconf 76' lang='lat' dir='ltr'>porrigi</span> <span class='ocrx_word' id='word_1_12' title='bbox 1451 350 1515 393; x_wconf 80' lang='lat' dir='ltr'>[o-</span> 
     </span>
     <span class='ocr_line' id='line_1_3' title="bbox 340 432 905 492; baseline 0.002 -17"><span class='ocrx_word' id='word_1_13' title='bbox 340 432 458 482; x_wconf 87' lang='lat' dir='ltr'>lent,</span> <span class='ocrx_word' id='word_1_14' title='bbox 497 433 659 476; x_wconf 82' lang='lat' dir='ltr'>deinde</span> <span class='ocrx_word' id='word_1_15' title='bbox 694 434 905 492; x_wconf 81' lang='lat' dir='ltr'>auffugit.</span> 
     </span>
    </p>

    <p class='ocr_par' dir='ltr' id='par_1_3' title="bbox 290 523 1517 2182">
     <span class='ocr_line' id='line_1_4' title="bbox 400 523 1513 582; baseline 0.003 -15"><span class='ocrx_word' id='word_1_16' title='bbox 400 523 651 582; x_wconf 86' lang='lat' dir='ltr'>Reliquum</span> <span class='ocrx_word' id='word_1_17' title='bbox 678 523 748 571; x_wconf 76' lang='lat' dir='ltr'>est,</span> <span class='ocrx_word' id='word_1_18' title='bbox 786 535 838 565; x_wconf 87' lang='lat' dir='ltr'>ut</span> <span class='ocrx_word' id='word_1_19' title='bbox 867 524 916 565; x_wconf 90' lang='lat' dir='ltr'>in</span> <span class='ocrx_word' id='word_1_20' title='bbox 947 523 1228 567; x_wconf 86' lang='lat' dir='ltr'>Aranearum</span> <span class='ocrx_word' id='word_1_21' title='bbox 1251 525 1513 570; x_wconf 74' lang='lat' dir='ltr'><strong>surditatem</strong></span> 
     </span>
     <span class='ocr_line' id='line_1_5' title="bbox 339 614 1513 675; baseline 0.001 -17"><span class='ocrx_word' id='word_1_22' title='bbox 339 614 607 675; x_wconf 82' lang='lat' dir='ltr'>diligentius</span> <span class='ocrx_word' id='word_1_23' title='bbox 639 614 945 672; x_wconf 74' lang='lat' dir='ltr'><strong>inquiramus.</strong></span> <span class='ocrx_word' id='word_1_24' title='bbox 977 614 1080 656; x_wconf 88' lang='lat' dir='ltr'>Hoc</span> <span class='ocrx_word' id='word_1_25' title='bbox 1115 614 1237 657; x_wconf 87' lang='lat' dir='ltr'>enim</span> <span class='ocrx_word' id='word_1_26' title='bbox 1273 631 1513 674; x_wconf 84' lang='lat' dir='ltr'>argumen-</span> 
     </span>
     <span class='ocr_line' id='line_1_6' title="bbox 339 703 1514 762; baseline 0.001 -15"><span class='ocrx_word' id='word_1_27' title='bbox 339 717 468 753; x_wconf 87' lang='lat' dir='ltr'>tum,</span> <span class='ocrx_word' id='word_1_28' title='bbox 527 719 804 762; x_wconf 80' lang='lat' dir='ltr'>quamquam</span> <span class='ocrx_word' id='word_1_29' title='bbox 834 718 929 745; x_wconf 89' lang='lat' dir='ltr'>non</span> <span class='ocrx_word' id='word_1_30' title='bbox 968 703 1051 744; x_wconf 83' lang='lat' dir='ltr'>nisi</span> <span class='ocrx_word' id='word_1_31' title='bbox 1079 705 1407 762; x_wconf 81' lang='lat' dir='ltr'>praetereundo</span> <span class='ocrx_word' id='word_1_32' title='bbox 1441 707 1514 749; x_wconf 81' lang='lat' dir='ltr'>ad-</span> 
     </span>
     <span class='ocr_line' id='line_1_7' title="bbox 337 791 1516 841; baseline 0.003 -5"><span class='ocrx_word' id='word_1_33' title='bbox 337 794 490 836; x_wconf 83' lang='lat' dir='ltr'>ditum</span> <span class='ocrx_word' id='word_1_34' title='bbox 519 793 593 841; x_wconf 87' lang='lat' dir='ltr'>fit,</span> <span class='ocrx_word' id='word_1_35' title='bbox 631 792 750 834; x_wconf 81' lang='lat' dir='ltr'>inter</span> <span class='ocrx_word' id='word_1_36' title='bbox 779 803 922 834; x_wconf 78' lang='lat' dir='ltr'>cetera</span> <span class='ocrx_word' id='word_1_37' title='bbox 954 791 1150 837; x_wconf 83' lang='lat' dir='ltr'>mirifice</span> <span class='ocrx_word' id='word_1_38' title='bbox 1179 793 1338 839; x_wconf 81' lang='lat' dir='ltr'>elucet.</span> <span class='ocrx_word' id='word_1_39' title='bbox 1391 797 1516 840; x_wconf 80' lang='lat' dir='ltr'>Nam</span> 
     </span>
     <span class='ocr_line' id='line_1_8' title="bbox 337 880 1514 942; baseline 0.002 -16"><span class='ocrx_word' id='word_1_40' title='bbox 337 884 370 926; x_wconf 85' lang='lat' dir='ltr'>fi</span> <span class='ocrx_word' id='word_1_41' title='bbox 401 881 648 942; x_wconf 84' lang='lat' dir='ltr'>probatum</span> <span class='ocrx_word' id='word_1_42' title='bbox 676 881 748 924; x_wconf 85' lang='lat' dir='ltr'>fit:</span> <span class='ocrx_word' id='word_1_43' title='bbox 801 880 956 923; x_wconf 85' lang='lat' dir='ltr'>audire</span> <span class='ocrx_word' id='word_1_44' title='bbox 987 881 1177 930; x_wconf 84' lang='lat' dir='ltr'>insecta,</span> <span class='ocrx_word' id='word_1_45' title='bbox 1216 900 1329 942; x_wconf 85' lang='lat' dir='ltr'>quae</span> <span class='ocrx_word' id='word_1_46' title='bbox 1361 897 1514 928; x_wconf 80' lang='lat' dir='ltr'>anten-</span> 
     </span>
     <span class='ocr_line' id='line_1_9' title="bbox 337 969 1515 1021; baseline 0.001 -6"><span class='ocrx_word' id='word_1_47' title='bbox 337 988 416 1015; x_wconf 87' lang='lat' dir='ltr'>nas</span> <span class='ocrx_word' id='word_1_48' title='bbox 448 970 664 1018; x_wconf 85' lang='lat' dir='ltr'>habeant,</span> <span class='ocrx_word' id='word_1_49' title='bbox 700 969 830 1013; x_wconf 73' lang='lat' dir='ltr'>surda</span> <span class='ocrx_word' id='word_1_50' title='bbox 864 970 947 1013; x_wconf 77' lang='lat' dir='ltr'>effe</span> <span class='ocrx_word' id='word_1_51' title='bbox 978 970 1035 1014; x_wconf 86' lang='lat' dir='ltr'>iis</span> <span class='ocrx_word' id='word_1_52' title='bbox 1067 971 1301 1021; x_wconf 79' lang='lat' dir='ltr'>destituta,</span> <span class='ocrx_word' id='word_1_53' title='bbox 1337 973 1387 1016; x_wconf 86' lang='lat' dir='ltr'>id</span> <span class='ocrx_word' id='word_1_54' title='bbox 1422 990 1515 1017; x_wconf 86' lang='lat' dir='ltr'>cer-</span> 
     </span>
     <span class='ocr_line' id='line_1_10' title="bbox 337 1058 1513 1119; baseline 0 -14"><span class='ocrx_word' id='word_1_55' title='bbox 337 1061 589 1109; x_wconf 81' lang='lat' dir='ltr'>tiffimum,</span> <span class='ocrx_word' id='word_1_56' title='bbox 642 1059 767 1119; x_wconf 85' lang='lat' dir='ltr'>quod</span> <span class='ocrx_word' id='word_1_57' title='bbox 795 1060 843 1101; x_wconf 89' lang='lat' dir='ltr'>in</span> <span class='ocrx_word' id='word_1_58' title='bbox 871 1058 1006 1102; x_wconf 84' lang='lat' dir='ltr'>rebus</span> <span class='ocrx_word' id='word_1_59' title='bbox 1042 1072 1135 1102; x_wconf 85' lang='lat' dir='ltr'>tam</span> <span class='ocrx_word' id='word_1_60' title='bbox 1162 1060 1404 1105; x_wconf 70' lang='lat' dir='ltr'>subtilibus</span> <span class='ocrx_word' id='word_1_61' title='bbox 1438 1079 1513 1105; x_wconf 77' lang='lat' dir='ltr'>ex-</span> 
     </span>
     <span class='ocr_line' id='line_1_11' title="bbox 336 1148 1512 1210; baseline 0 -17"><span class='ocrx_word' id='word_1_62' title='bbox 336 1149 526 1210; x_wconf 81' lang='lat' dir='ltr'>spectari</span> <span class='ocrx_word' id='word_1_63' title='bbox 570 1148 715 1208; x_wconf 75' lang='lat' dir='ltr'>posset</span> <span class='ocrx_word' id='word_1_64' title='bbox 749 1164 834 1207; x_wconf 82' lang='lat' dir='ltr'>pro</span> <span class='ocrx_word' id='word_1_65' title='bbox 872 1148 1034 1190; x_wconf 85' lang='lat' dir='ltr'>auditu</span> <span class='ocrx_word' id='word_1_66' title='bbox 1065 1149 1115 1190; x_wconf 86' lang='lat' dir='ltr'>in</span> <span class='ocrx_word' id='word_1_67' title='bbox 1148 1150 1356 1193; x_wconf 82' lang='lat' dir='ltr'>antennis</span> <span class='ocrx_word' id='word_1_68' title='bbox 1391 1151 1512 1207; x_wconf 83' lang='lat' dir='ltr'>judi-</span> 
     </span>
     <span class='ocr_line' id='line_1_12' title="bbox 336 1237 1517 1297; baseline 0.001 -15"><span class='ocrx_word' id='word_1_69' title='bbox 336 1239 430 1282; x_wconf 83' lang='lat' dir='ltr'>cari</span> <span class='ocrx_word' id='word_1_70' title='bbox 473 1237 668 1280; x_wconf 82' lang='lat' dir='ltr'>deberet.</span> <span class='ocrx_word' id='word_1_71' title='bbox 742 1239 865 1280; x_wconf 88' lang='lat' dir='ltr'>Haec</span> <span class='ocrx_word' id='word_1_72' title='bbox 906 1253 976 1280; x_wconf 86' lang='lat' dir='ltr'>res</span> <span class='ocrx_word' id='word_1_73' title='bbox 1017 1238 1172 1296; x_wconf 87' lang='lat' dir='ltr'>itaque</span> <span class='ocrx_word' id='word_1_74' title='bbox 1214 1255 1320 1297; x_wconf 85' lang='lat' dir='ltr'>prae</span> <span class='ocrx_word' id='word_1_75' title='bbox 1357 1241 1517 1283; x_wconf 87' lang='lat' dir='ltr'>ceteris</span> 
     </span>
     <span class='ocr_line' id='line_1_13' title="bbox 335 1325 1514 1386; baseline 0.002 -16"><span class='ocrx_word' id='word_1_76' title='bbox 335 1325 593 1386; x_wconf 81' lang='lat' dir='ltr'>indaganda</span> <span class='ocrx_word' id='word_1_77' title='bbox 621 1338 742 1374; x_wconf 78' lang='lat' dir='ltr'>erat,</span> <span class='ocrx_word' id='word_1_78' title='bbox 798 1342 893 1369; x_wconf 88' lang='lat' dir='ltr'>non</span> <span class='ocrx_word' id='word_1_79' title='bbox 927 1326 1038 1369; x_wconf 83' lang='lat' dir='ltr'>adeo</span> <span class='ocrx_word' id='word_1_80' title='bbox 1072 1325 1232 1370; x_wconf 81' lang='lat' dir='ltr'>facilis.</span> <span class='ocrx_word' id='word_1_81' title='bbox 1308 1329 1429 1372; x_wconf 88' lang='lat' dir='ltr'>Nam</span> <span class='ocrx_word' id='word_1_82' title='bbox 1465 1345 1514 1372; x_wconf 86' lang='lat' dir='ltr'>ea</span> 
     </span>
     <span class='ocr_line' id='line_1_14' title="bbox 333 1415 1512 1477; baseline 0.002 -18"><span class='ocrx_word' id='word_1_83' title='bbox 333 1417 427 1477; x_wconf 81' lang='lat' dir='ltr'>ipsa</span> <span class='ocrx_word' id='word_1_84' title='bbox 460 1417 652 1463; x_wconf 85' lang='lat' dir='ltr'>insecta,</span> <span class='ocrx_word' id='word_1_85' title='bbox 685 1430 798 1474; x_wconf 83' lang='lat' dir='ltr'>quae</span> <span class='ocrx_word' id='word_1_86' title='bbox 832 1415 1039 1458; x_wconf 85' lang='lat' dir='ltr'>antennis</span> <span class='ocrx_word' id='word_1_87' title='bbox 1069 1428 1235 1464; x_wconf 76' lang='lat' dir='ltr'>carent,</span> <span class='ocrx_word' id='word_1_88' title='bbox 1270 1417 1302 1457; x_wconf 86' lang='lat' dir='ltr'>fi</span> <span class='ocrx_word' id='word_1_89' title='bbox 1333 1418 1512 1476; x_wconf 87' lang='lat' dir='ltr'>pericu·</span> 
     </span>
     <span class='ocr_line' id='line_1_15' title="bbox 333 1503 1511 1565; baseline 0.001 -16"><span class='ocrx_word' id='word_1_90' title='bbox 333 1506 433 1550; x_wconf 89' lang='lat' dir='ltr'>lum</span> <span class='ocrx_word' id='word_1_91' title='bbox 454 1505 653 1548; x_wconf 82' lang='lat' dir='ltr'>sentiunt</span> <span class='ocrx_word' id='word_1_92' title='bbox 686 1503 1008 1547; x_wconf 83' lang='lat' dir='ltr'>diffimulando</span> <span class='ocrx_word' id='word_1_93' title='bbox 1042 1516 1086 1546; x_wconf 88' lang='lat' dir='ltr'>et</span> <span class='ocrx_word' id='word_1_94' title='bbox 1118 1504 1300 1548; x_wconf 86' lang='lat' dir='ltr'>latendo</span> <span class='ocrx_word' id='word_1_95' title='bbox 1335 1506 1511 1565; x_wconf 85' lang='lat' dir='ltr'>optime</span> 
     </span>
     <span class='ocr_line' id='line_1_16' title="bbox 290 1583 1515 1656; baseline -0.001 -16"><span class='ocrx_word' id='word_1_96' title='bbox 290 1634 293 1641; x_wconf 21' lang='lat' dir='ltr'>k</span> <span class='ocrx_word' id='word_1_97' title='bbox 333 1583 513 1639; x_wconf 62' lang='lat' dir='ltr'>servari‘</span> <span class='ocrx_word' id='word_1_98' title='bbox 547 1593 760 1653; x_wconf 80' lang='lat' dir='ltr'>poffunt,</span> <span class='ocrx_word' id='word_1_99' title='bbox 830 1605 1107 1652; x_wconf 86' lang='lat' dir='ltr'>quapropter</span> <span class='ocrx_word' id='word_1_100' title='bbox 1169 1594 1269 1637; x_wconf 84' lang='lat' dir='ltr'>soni</span> <span class='ocrx_word' id='word_1_101' title='bbox 1308 1597 1515 1656; x_wconf 83' lang='lat' dir='ltr'>percepti</span> 
     </span>
     <span class='ocr_line' id='line_1_17' title="bbox 331 1681 1512 1729; baseline -0.001 -1"><span class='ocrx_word' id='word_1_102' title='bbox 331 1702 430 1729; x_wconf 90' lang='lat' dir='ltr'>non</span> <span class='ocrx_word' id='word_1_103' title='bbox 471 1684 582 1726; x_wconf 79' lang='lat' dir='ltr'>adeo</span> <span class='ocrx_word' id='word_1_104' title='bbox 639 1681 845 1724; x_wconf 86' lang='lat' dir='ltr'>distincta</span> <span class='ocrx_word' id='word_1_105' title='bbox 897 1681 1155 1724; x_wconf 83' lang='lat' dir='ltr'>testimonia</span> <span class='ocrx_word' id='word_1_106' title='bbox 1208 1682 1363 1726; x_wconf 87' lang='lat' dir='ltr'>edunt.</span> <span class='ocrx_word' id='word_1_107' title='bbox 1457 1686 1512 1727; x_wconf 89' lang='lat' dir='ltr'>In</span> 
     </span>
     <span class='ocr_line' id='line_1_18' title="bbox 334 1769 1510 1833; baseline 0 -18"><span class='ocrx_word' id='word_1_108' title='bbox 334 1771 638 1833; x_wconf 83' lang='lat' dir='ltr'>Opilionibns</span> <span class='ocrx_word' id='word_1_109' title='bbox 672 1769 793 1812; x_wconf 88' lang='lat' dir='ltr'>nihil</span> <span class='ocrx_word' id='word_1_110' title='bbox 822 1769 947 1813; x_wconf 85' lang='lat' dir='ltr'>aliud</span> <span class='ocrx_word' id='word_1_111' title='bbox 979 1769 1233 1830; x_wconf 79' lang='lat' dir='ltr'>apparebat,</span> <span class='ocrx_word' id='word_1_112' title='bbox 1282 1788 1419 1830; x_wconf 83' lang='lat' dir='ltr'>quarn</span> <span class='ocrx_word' id='word_1_113' title='bbox 1454 1772 1510 1815; x_wconf 82' lang='lat' dir='ltr'>ad</span> 
     </span>
     <span class='ocr_line' id='line_1_19' title="bbox 331 1857 1508 1919; baseline -0.002 -13"><span class='ocrx_word' id='word_1_114' title='bbox 331 1862 537 1907; x_wconf 81' lang='lat' dir='ltr'>subitum</span> <span class='ocrx_word' id='word_1_115' title='bbox 578 1861 742 1903; x_wconf 79' lang='lat' dir='ltr'>sonum</span> <span class='ocrx_word' id='word_1_116' title='bbox 784 1857 901 1901; x_wconf 88' lang='lat' dir='ltr'>levis</span> <span class='ocrx_word' id='word_1_117' title='bbox 952 1859 1206 1902; x_wconf 84' lang='lat' dir='ltr'>contractio</span> <span class='ocrx_word' id='word_1_118' title='bbox 1250 1859 1423 1919; x_wconf 86' lang='lat' dir='ltr'>pedum</span> <span class='ocrx_word' id='word_1_119' title='bbox 1464 1874 1508 1904; x_wconf 86' lang='lat' dir='ltr'>et</span> 
     </span>
     <span class='ocr_line' id='line_1_20' title="bbox 332 1947 1507 2008; baseline -0.003 -13"><span class='ocrx_word' id='word_1_120' title='bbox 332 1951 514 1995; x_wconf 82' lang='lat' dir='ltr'>summa.</span> <span class='ocrx_word' id='word_1_121' title='bbox 556 1949 699 2008; x_wconf 84' lang='lat' dir='ltr'>quies.</span> <span class='ocrx_word' id='word_1_122' title='bbox 761 1947 935 1991; x_wconf 82' lang='lat' dir='ltr'>Eadem</span> <span class='ocrx_word' id='word_1_123' title='bbox 973 1960 1068 1990; x_wconf 78' lang='lat' dir='ltr'>erat</span> <span class='ocrx_word' id='word_1_124' title='bbox 1114 1949 1395 1990; x_wconf 78' lang='lat' dir='ltr'>Aranearum</span> <span class='ocrx_word' id='word_1_125' title='bbox 1437 1965 1507 1991; x_wconf 84' lang='lat' dir='ltr'>ra-</span> 
     </span>
     <span class='ocr_line' id='line_1_21' title="bbox 332 2035 1506 2098; baseline -0.003 -15"><span class='ocrx_word' id='word_1_126' title='bbox 332 2040 400 2084; x_wconf 86' lang='lat' dir='ltr'>tio</span> <span class='ocrx_word' id='word_1_127' title='bbox 419 2070 431 2089; x_wconf 92' lang='lat'>,</span> <span class='ocrx_word' id='word_1_128' title='bbox 463 2054 576 2098; x_wconf 87' lang='lat' dir='ltr'>quae</span> <span class='ocrx_word' id='word_1_129' title='bbox 602 2037 769 2080; x_wconf 86' lang='lat' dir='ltr'>mediis</span> <span class='ocrx_word' id='word_1_130' title='bbox 800 2035 1036 2085; x_wconf 81' lang='lat' dir='ltr'>reticulis,</span> <span class='ocrx_word' id='word_1_131' title='bbox 1071 2036 1126 2078; x_wconf 80' lang='lat' dir='ltr'>ad</span> <span class='ocrx_word' id='word_1_132' title='bbox 1159 2036 1380 2079; x_wconf 85' lang='lat' dir='ltr'>verticem</span> <span class='ocrx_word' id='word_1_133' title='bbox 1412 2050 1506 2081; x_wconf 88' lang='lat' dir='ltr'>ten-</span> 
     </span>
     <span class='ocr_line' id='line_1_22' title="bbox 332 2125 1508 2182; baseline -0.003 -10"><span class='ocrx_word' id='word_1_134' title='bbox 332 2128 546 2172; x_wconf 76' lang='lat' dir='ltr'>dentibus</span> <span class='ocrx_word' id='word_1_135' title='bbox 592 2125 947 2182; x_wconf 81' lang='lat' dir='ltr'>(verticalibus)</span> <span class='ocrx_word' id='word_1_136' title='bbox 992 2125 1181 2168; x_wconf 77' lang='lat' dir='ltr'>infidere</span> <span class='ocrx_word' id='word_1_137' title='bbox 1229 2125 1384 2170; x_wconf 81' lang='lat' dir='ltr'>solent.</span> <span class='ocrx_word' id='word_1_138' title='bbox 1446 2127 1508 2169; x_wconf 88' lang='lat' dir='ltr'>At</span> 
     </span>
    </p>
   </div>
   <div class='ocr_carea' id='block_1_3' title="bbox 333 2212 1504 2277">
    <p class='ocr_par' dir='ltr' id='par_1_4' title="bbox 333 2212 1504 2277">
     <span class='ocr_line' id='line_1_23' title="bbox 333 2212 1504 2277; baseline -0.003 -16"><span class='ocrx_word' id='word_1_139' title='bbox 333 2232 448 2277; x_wconf 84' lang='lat' dir='ltr'>quae</span> <span class='ocrx_word' id='word_1_140' title='bbox 478 2217 529 2259; x_wconf 87' lang='lat' dir='ltr'>in</span> <span class='ocrx_word' id='word_1_141' title='bbox 559 2227 740 2259; x_wconf 84' lang='lat' dir='ltr'>textura</span> <span class='ocrx_word' id='word_1_142' title='bbox 771 2215 1047 2275; x_wconf 77' lang='lat' dir='ltr'>praedantur</span> <span class='ocrx_word' id='word_1_143' title='bbox 1085 2215 1241 2257; x_wconf 85' lang='lat' dir='ltr'>versus</span> <span class='ocrx_word' id='word_1_144' title='bbox 1270 2212 1504 2258; x_wconf 87' lang='lat' dir='ltr'>finientem</span> 
     </span>
    </p>
   </div>
   <div class='ocr_carea' id='block_1_4' title="bbox 332 2301 1505 2369">
    <p class='ocr_par' dir='ltr' id='par_1_5' title="bbox 332 2301 1505 2369">
     <span class='ocr_line' id='line_1_24' title="bbox 332 2301 1505 2369; baseline -0.004 -19"><span class='ocrx_word' id='word_1_145' title='bbox 332 2305 495 2350; x_wconf 86' lang='lat' dir='ltr'>orbem</span> <span class='ocrx_word' id='word_1_146' title='bbox 528 2301 778 2369; x_wconf 68' lang='grc' dir='ltr'>(οριζοντα)</span> <span class='ocrx_word' id='word_1_147' title='bbox 810 2304 1002 2353; x_wconf 80' lang='lat' dir='ltr'>directa,</span> <span class='ocrx_word' id='word_1_148' title='bbox 1054 2315 1106 2346; x_wconf 88' lang='lat' dir='ltr'>ut</span> <span class='ocrx_word' id='word_1_149' title='bbox 1144 2306 1316 2346; x_wconf 85' lang='lat' dir='ltr'>Aranea</span> <span class='ocrx_word' id='word_1_150' title='bbox 1347 2303 1505 2346; x_wconf 89' lang='lat' dir='ltr'>dome-</span> 
     </span>
    </p>
   </div>
  </div>
 </body>
</html>
