1615 2997
335 241 394 295 40
581 218 588 236 ⁵
816 233 895 278 Dr„
927 247 1022 282 usu

333 352 462 402 sunt,
502 343 646 413 ,quae
690 352 745 396 de
783 352 946 399 auditu
994 352 1202 395 antennis
1240 352 1525 397 vindicando

333 401 627 502 protul‘int.
683 428 835 487 vNum
871 458 920 486 ea
955 438 1192 501 probant?
1226 441 1530 487 sufficiuntne

336 531 390 575 ad
423 532 798 595 probabilitatem
833 530 1249 580 demonstrandam.
1313 532 1530 592 Agedum

335 622 513 682 lingula
544 635 894 682 pertractemus-

398 714 693 770 Quamquam
753 712 886 756 nullo
949 712 1094 756 modo
1152 712 1402 773 probatum
1453 712 1528 762 est,

337 802 496 847 omnia
527 801 695 849 insecta
728 801 889 848 auditu
917 802 1132 849 instructa
1181 802 1292 851 effe,
1361 815 1529 852 tamen,

336 906 443 935 cum
491 892 625 936 certis
659 904 703 936 et
736 891 1011 936 indubitatis
1052 891 1452 939 observationibus
1487 904 1533 939 et

336 982 692 1040 experimentis,
753 998 866 1042 quae
915 982 1169 1025 maximam
1212 994 1387 1042 partem
1436 981 1528 1026 alio

336 1070 442 1114 loeo
457 1070 747 1131 collegimus,
783 1071 946 1115 multis
959 1072 1142 1118 insectis
1165 1070 1243 1116 hic
1269 1072 1414 1114 sensus
1431 1071 1528 1115 evi-

337 1173 436 1204 ctus
471 1162 546 1206 fit:
584 1160 804 1207 omnibus
836 1160 967 1207 facile
1002 1160 1215 1207 auditum
1246 1161 1385 1205 ineffe
1419 1177 1532 1205 con·-

333 1251 560 1311 Jecturam
629 1250 754 1295 hand
816 1249 1178 1310 improbabilem
1248 1250 1529 1307 judicarunt.

337 1341 490 1399 Quam
536 1339 726 1400 quidem
772 1340 1048 1399 impugnare
1093 1339 1218 1382 haud
1255 1339 1387 1383 facile
1415 1340 1532 1388 veli-

336 1446 456 1473 mus.
544 1432 606 1475 At
648 1429 761 1489 quid
803 1429 886 1478 est,
956 1428 1083 1489 quod
1135 1429 1346 1474 antennis
1404 1428 1533 1474 huno

339 1521 516 1567 sensum
577 1517 866 1565 annectunt?
942 1519 1143 1583 Decepti
1192 1519 1294 1564 sunt
1344 1520 1531 1567 aurium

339 1609 508 1670 specie,
574 1626 681 1654 cum
718 1625 850 1653 cavas
891 1620 1107 1654 antennas
1137 1606 1247 1652 falso
1279 1608 1530 1657 crederent.

340 1698 528 1747 Obvius
561 1712 655 1745 erat
687 1699 765 1742 iste
797 1714 949 1747 error,
986 1713 1070 1741 nec
1103 1697 1234 1744 facile
1268 1698 1530 1749 evitandus,

337 1791 370 1833 fi
397 1805 483 1852 pro
529 1788 712 1835 insectis
758 1787 885 1832 vivis
933 1788 1261 1834 exficcatorum
1297 1787 1532 1848 cataphra-

339 1892 434 1922 ctae
469 1877 857 1924 examinarentur.
921 1878 1072 1926 Nam,
1122 1876 1248 1936 quod
1280 1892 1427 1936 nuper
1462 1876 1538 1921 di,

340 1981 470 2015 etum
499 1967 673 2016 miror,
707 1965 939 2026 ‘canalium
978 1965 1389 2013 semicircularium
1412 1967 1533 2009 fimi-

338 2057 590 2103 litudinem
627 2055 829 2115 aliquam
870 2072 977 2116 prae
1014 2056 1055 2103 se
1092 2054 1286 2099 ferentes
1315 2068 1533 2103 antennas

337 2147 527 2193 illarum
565 2146 670 2193 vice
714 2145 876 2211 fungi,
944 2145 1159 2205 equidem
1206 2160 1303 2188 non
1343 2146 1383 2189 is
1414 2146 1531 2195 sum,

340 2237 424 2297 qui
478 2235 569 2280 hoc
621 2235 881 2294 intelligere
934 2234 1086 2299 poffit.
1165 2236 1283 2281 Sunt
1339 2234 1533 2295 quidem

340 2326 463 2370 inter
493 2338 564 2373 tot
594 2325 793 2372 diversas
822 2323 994 2369 formas
1028 2336 1273 2374 antennae,
1315 2340 1444 2384 quae,
1480 2335 1534 2367 ut

342 2415 513 2461 Oloris‘
555 2414 733 2463 collum
777 2413 1137 2479 Elephantisque
1197 2413 1435 2478 proboscis
1480 2413 1533 2463 in
