1615 2997
301 247 360 302 42
750 244 1050 287 FABn1cA

303 377 422 404 mus.
487 361 636 410 Nam,
689 378 969 419 quamquam
1002 362 1051 404 in
1084 361 1160 404 tali
1199 378 1481 422 organorum

303 451 577 509 compagine
614 463 657 492 et
696 450 942 494 oculorum
986 464 1030 494 et
1070 450 1483 495 instrumentorum

304 556 496 582 acumen
529 538 716 598 fugiunt
746 553 892 599 partes
927 540 1260 590 subtiliffinme,
1294 542 1345 584 in
1383 557 1483 585 om·

303 628 439 672 nibus
505 629 684 671 insectis
746 645 842 674 non
905 630 1008 672 funt
1029 686 1032 688 q
1055 630 1166 674 adeo
1220 629 1479 674 subductae.

304 718 472 761 Cancri
507 717 746 760 Gammari
780 718 980 777 singulos
1013 732 1232 762 antennae
1264 719 1482 763 articulos

303 824 400 851 non
446 808 602 849 minus
641 819 817 850 armato
863 806 1021 857 oculo,
1086 825 1223 867 quam
1267 809 1393 853 nudo
1440 821 1484 851 et

302 897 605 939 vivisectione
639 909 683 939 et
710 897 808 955 post
837 898 1098 940 coctionem
1132 897 1376 957 diligenter
1408 915 1482 941 ex-

303 986 645 1034 aminavimus,
683 1002 764 1029 nec
799 1000 950 1029 tamen
982 985 1133 1030 ullum
1165 986 1329 1029 talium
1362 988 1482 1030 mus-

303 1075 517 1118 culorum
552 1076 800 1135 vestigium
839 1077 1047 1136 detegere
1079 1076 1348 1136 potuimus,
1414 1089 1480 1125 ut,

303 1181 419 1225 quos
450 1165 833 1208 interarticulares
862 1164 1081 1214 vocavit,
1129 1164 1249 1208 ullos
1288 1165 1371 1207 effe
1405 1181 1482 1207 ne-

302 1270 408 1314 gare
453 1254 715 1297 audeamus.
796 1254 951 1313 Quid,
1015 1254 1141 1313 quod
1187 1255 1279 1313 ipse
1305 1266 1478 1302 auctor,

302 1360 416 1403 quae
449 1344 509 1386 est
541 1343 791 1386 doctiffimi
821 1344 917 1386 viri
948 1343 1238 1403 ingenuitas,
1290 1343 1482 1386 candide

299 1431 570 1494 profitetur,
616 1449 713 1477 non
747 1432 911 1476 vidisse
954 1433 995 1476 se
1028 1432 1257 1476 musculos
1290 1433 1481 1475 interar-

302 1521 540 1571 ticulares,
599 1522 673 1565 sed
720 1538 778 1565 ex
817 1523 951 1567 vario
1000 1534 1302 1566 antennarum
1345 1534 1505 1565 motus

299 1628 377 1656 eos
409 1611 646 1669 conjecisse
673 1623 867 1656 tantum.
929 1614 991 1656 At
1023 1611 1194 1655 nullibi
1226 1628 1340 1655 vero
1373 1628 1482 1656 con-

297 1703 496 1760 jecturae
527 1701 673 1760 magis
709 1700 1040 1750 diffidendum,
1089 1717 1226 1760 quam
1261 1700 1313 1742 in
1341 1700 1482 1743 inter-

297 1808 356 1834 na
389 1806 673 1850 organorum
707 1789 928 1832 structura
960 1789 1318 1833 determinanda.
1369 1791 1481 1834 Non

300 1879 460 1922 adsunt
515 1878 750 1937 ejusmodi
793 1877 991 1922 musculi
1036 1878 1088 1921 in
1141 1878 1199 1922 iis
1251 1880 1474 1928 antennis,

299 1986 497 2031 quarum
539 1967 711 2011 fabrica
762 1968 900 2012 oculo
930 1981 1139 2028 apparet,
1206 1984 1300 2011 non
1332 1969 1479 2025 conji-

298 2059 451 2102 ciendi
484 2059 535 2102 in
566 2058 624 2101 iis
655 2059 781 2106 sunt,
832 2074 1028 2116 quarum
1063 2058 1322 2117 compactio
1354 2056 1478 2102 latet.

297 2150 420 2195 Nam
466 2164 572 2190 cum
613 2148 664 2191 in
691 2159 813 2190 tanta
852 2147 1178 2206 disquisitionis
1210 2147 1479 2190 difficultate

297 2254 393 2280 non
434 2236 583 2284 solum
626 2254 650 2280 a
693 2237 1063 2295 conjecturarum
1104 2237 1306 2280 vanitate
1347 2236 1477 2279 absti-

297 2326 499 2370 nendum
535 2327 610 2376 fit,
656 2327 730 2370 sed
761 2343 817 2369 ne
845 2327 966 2369 inter
993 2326 1151 2370 omnia
1183 2325 1371 2386 quidem
1404 2326 1476 2367 in-

298 2417 410 2459 secta
439 2416 601 2477 vagari
644 2415 801 2466 liceat,
872 2432 957 2460 nos
990 2416 1223 2459 ,Cancrum
1259 2417 1473 2459 Gamma-
