1615 2997
283 241 343 292 40
721 234 1017 277 FAnnmA

284 366 377 410 quo
412 357 487 394 ae'r
515 351 666 395 emitti
698 350 856 411 poffit,
890 349 1099 394 foramen
1134 365 1345 409 apparere
1382 348 1465 393 sci-

283 455 403 483 mus.
467 442 541 484 De
578 441 804 484 foramine
839 442 971 500 supra
1002 440 1177 482 dictum
1217 440 1275 482 est
1305 440 1365 494 (ὦ.
1399 441 1465 498 9.)

283 530 382 570 Iam
427 542 661 589 quotquot
692 530 962 574 viventium
995 529 1275 572 insectorum
1311 540 1467 571 anten-

284 633 363 660 nas
409 634 525 677 aqua
573 632 781 677 mergere
826 618 1093 678 potuimus,
1157 617 1342 660 simulac
1389 616 1468 659 ille

285 713 361 748 ae'r
389 719 598 749 remotus
633 706 765 756 effet,
814 724 953 767 quem
988 708 1110 750 inter
1142 720 1319 750 teneros
1346 705 1467 765 pilos

286 807 499 839 externos
534 796 683 837 secum
718 797 768 838 in
799 813 963 855 aquam
996 796 1250 845 duxiffent,
1285 794 1470 838 nullum
1502 806 1503 809 ’

284 882 406 925 ultra
450 883 739 935 habuerunt,
804 887 888 928 nifi
931 901 1069 945 quem
1102 885 1222 928 forte
1265 900 1319 927 ex
1354 900 1469 942 aqua

286 973 627 1016 contraxiffent.
702 977 862 1033 Itaque
910 974 1090 1033 decepti
1123 986 1277 1023 erant,
1343 972 1470 1032 quod

284 1060 335 1102 in
370 1061 538 1106 talibus
572 1064 899 1122 experimentis
933 1063 1153 1106 facillime
1180 1061 1280 1105 fieri
1307 1062 1467 1122 potest,

287 1151 458 1209 optimi
492 1150 834 1201 observatores3
874 1152 1077 1211 decepti,
1133 1152 1259 1210 quod
1289 1151 1469 1194 facilius

285 1239 423 1282 etiam
464 1238 564 1283 fieri
607 1240 743 1289 solet,
811 1242 893 1300 qui
939 1257 1101 1285 eorum
1151 1240 1472 1284 auctoritatem

284 1329 591 1388 sequerentur.
656 1331 724 1372 Ac
774 1346 832 1372 ne
867 1329 953 1372 ulli
985 1329 1269 1373 dubitationi
1302 1329 1351 1371 in
1383 1328 1470 1372 hac

284 1432 333 1459 re
367 1416 526 1460 locum
559 1417 875 1476 linqueremus
919 1418 1127 1478 plurium
1172 1418 1468 1478 Papiliouum

286 1518 529 1555 antennas,
586 1523 668 1549 nec
703 1508 859 1550 minus
898 1507 1201 1565 Gryllorum,
1266 1524 1469 1569 quorum

287 1596 498 1640 antennis
533 1596 779 1639 cavitatem
808 1596 969 1639 Roefel
1003 1596 1129 1640 dedit
1159 1597 1202 1654 ὅ)
1241 1613 1337 1640 non
1367 1612 1468 1640 mo-

285 1683 345 1727 do
379 1685 552 1744 saepius
580 1684 661 1727 sub
695 1702 809 1744 aqua
844 1685 1217 1733 observavimus,
1274 1685 1348 1728 sed
1379 1686 1469 1728 im-

282 1774 449 1816 mersas
491 1774 630 1816 etiam
673 1790 697 1815 a
745 1772 895 1818 radice
935 1773 991 1816 ad
1030 1774 1206 1833 apicem
1237 1774 1299 1816 ita
1342 1790 1469 1818 com-

283 1861 552 1922 pressimus,
607 1875 663 1907 ut
692 1861 890 1921 denique
922 1875 1205 1922 rumperent.
1271 1865 1376 1920 Quo
1403 1862 1467 1906 fa-

287 1963 392 2000 cto,
440 1967 548 1995 cum
574 1950 744 1994 lacteus
779 1951 967 2010 quidem
995 1951 1170 1994 humor
1199 1952 1372 2002 exiret,
1422 1965 1468 1995 at

284 2039 441 2084 nullus
482 2047 557 2083 ae‘r
596 2040 907 2089 emitteretur,
973 2039 1099 2083 hunc
1152 2041 1209 2084 iis
1270 2040 1467 2084 minime

283 2128 424 2172 ineffe
450 2127 582 2188 plane
617 2129 860 2173 evicimus.
972 2115 973 2118 Ἴ

344 2221 387 2269 1)
415 2211 631 2256 Reaumur
660 2223 886 2258 Memoires
918 2233 1031 2268 pour
1055 2223 1186 2260 servir
1213 2234 1236 2258 a
1263 2221 1465 2259 l'histoire

452 2291 522 2325 des
554 2291 743 2331 infectos,
786 2294 883 2328 Vol.
915 2296 950 2328 Ι.
979 2306 1020 2339 p.
1062 2299 1156 2337 224.

341 2360 384 2410 2)
413 2360 593 2396 Linuaei
631 2362 925 2398 Fundamenta
953 2361 1283 2409 Eutomologica
1309 2360 1462 2398 differt.

450 2421 596 2477 ps16.
630 2432 846 2470 Amoenit.
877 2433 1010 2471 Acad.
1042 2436 1136 2471 VII.
1180 2445 1225 2479 p.
1258 2438 1350 2478 140·
