1615 2997
429 219 921 262 ANTENNARUM.
1212 217 1272 274 5⁴5

81 347 339 384 attenuata,
402 347 457 377 ut
495 333 748 377 tenuiss'imi
793 332 934 393 apicis
979 347 1174 377 acumen
1205 333 1275 378 nil

77 426 237 485 fugere
270 423 431 484 poffit,
498 439 521 466 e
552 438 756 483 quorum
785 437 980 466 numero
1015 422 1120 464 sunt
1154 423 1273 465 Can-

81 530 189 563 cer,
253 514 544 572 Phryganea,
598 510 679 557 rel.
714 523 792 553 aut
823 509 1032 570 pilorum
1069 509 1275 554 tenuisti-

76 619 265 649 morum
293 600 503 645 fasciculo
537 601 876 648 terminantur,
944 599 1055 652 situ,
1105 597 1270 659 figura,

78 693 159 734 usu
212 690 535 736 mamma-lium
587 709 781 747 μυςοικοι
834 688 1072 738 imitante,
1144 688 1273 747 quod

77 780 361 840 Sphingibus
405 779 630 838 contigit,
696 791 773 821 aut
816 777 1004 820 duriora
1048 790 1272 820 antennae

76 868 268 911 articula
299 882 390 918 tam
419 867 519 912 laxe
558 868 715 925 juncta
746 869 878 915 sunt,
919 879 972 908 ut
999 882 1083 926 pro
1103 865 1269 918 *lubito

76 957 262 1000 extendi
289 957 551 1016 retrahique
579 956 778 1016 poffint;
817 971 913 1014 quo
947 954 1066 997 facto
1098 953 1270 1000 leviffi-

76 1062 150 1088 me
192 1058 306 1088 tacta
352 1046 613 1104 percipiant
657 1044 826 1087 necesse
872 1043 945 1086 est.
1011 1045 1133 1102 Quas
1168 1043 1270 1102 qui·

73 1135 177 1177 dem
218 1147 433 1178 antennas
476 1150 583 1176 cum
637 1133 796 1177 omnia
850 1131 945 1195 fere
993 1131 1270 1194 Coleoptera

71 1235 254 1282 gerant,
303 1221 521 1265 facillime
549 1223 654 1266 usus
689 1222 806 1264 ratio
840 1220 1074 1282 obserxjafi
1103 1220 1266 1280 potest·

71 1315 130 1355 At
160 1329 208 1357 ea
236 1313 478 1371 praecipue
520 1323 644 1370 patet
676 1311 726 1352 in
772 1310 960 1366 clavatis
989 1309 1265 1369 perfoliatis-

71 1417 159 1461 qne
192 1400 415 1450 antennis,
480 1401 530 1442 Si
562 1400 770 1458 Silpham
802 1398 1140 1458 germanicam,
1212 1411 1266 1441 ut

70 1488 161 1532 hoc
208 1490 379 1532 iterum
427 1488 640 1548 exemplo
675 1501 889 1537 utamur,
953 1487 1260 1547 tetigerimus,

70 1591 269 1620 mortem
301 1577 555 1620 fimulando
591 1594 698 1620 cum
733 1578 892 1620 omnia
925 1575 1135 1619 membra
1162 1589 1262 1619 tum

70 1667 120 1709 in
150 1667 315 1726 primis
350 1680 562 1709 antennas
592 1665 844 1711 contrahet,
908 1665 1150 1724 Postquam
1182 1664 1263 1706 ali·

71 1755 348 1815 quantulum
376 1755 675 1814 requieverit,
708 1753 969 1814 pericnlum
1002 1766 1260 1797 tentaturus

69 1857 301 1896 antennas,
340 1844 526 1903 singulis
550 1844 753 1887 articulis
772 1860 795 1886 a
812 1843 1073 1886 seinvicem
1096 1859 1251 1886 remo-

71 1935 145 1981 tis,
176 1945 305 1976 caute
323 1933 576 1991 timideque
602 1932 860 1992 protendet.
897 1931 1261 1989 Quaefinullibi

71 2022 238 2065 offensa
266 2035 424 2070 erunt,
471 2021 629 2069 alacris
661 2022 865 2081 prosiliet
895 2021 1120 2080 celerique
1149 2019 1259 2080 fuga

68 2109 256 2153 salutem
304 2124 514 2170 quaeret3
582 2124 741 2163 contra
783 2113 816 2153 fi
855 2109 1081 2154 leviffime
1115 2122 1258 2153 tactae

67 2198 242 2244 fuerint
273 2213 515 2249 antennae,
582 2201 806 2260 praesenti
843 2198 1050 2261 periculo
1096 2214 1256 2242 occur-

66 2305 167 2332 rere
210 2307 304 2333 non
348 2289 547 2332 audebit.
611 2292 763 2349 Atque
822 2289 985 2333 eodem
1037 2287 1251 2347 exemplo

68 2379 363 2429 notavimus,
406 2396 545 2440 quam
575 2391 702 2424 acute
734 2379 814 2423 iste
839 2380 986 2432 sensus
1019 2389 1151 2422 notas
1180 2391 1252 2419 res
