1615 2997
326 351 396 389 '12
775 347 1069 391 FAnnch

334 481 441 508 rum
498 462 883 508 animalculorum
949 479 1083 525 caput
1144 465 1510 525 pronuntiarent.

340 557 395 598 At
438 555 488 597 in
530 553 718 613 fingulis
769 553 998 613 speciebus
1057 554 1357 599 describendis
1408 556 1511 600 aliis

337 623 466 687 aliter
510 642 694 703 placuit.
769 645 899 703 Nepa
952 644 1200 688 secundum
1247 645 1508 689 Forsterum

336 733 544 777 antennis
595 732 874 776 brevissimis
923 733 1113 793 gaudet,
1179 751 1203 776 a
1249 734 1507 779 Schaeffero

335 823 528 883 aliisque
580 823 838 882 descriptis,
917 824 1165 880 Geoffroy‚
1246 824 1323 867 cui
1378 827 1508 884 Hepa

327 911 456 957 'idem
491 928 634 972 genus
668 912 818 962 audit,
882 911 1164 972 longissimas
1197 925 1240 955 et
1274 912 1508 956 chelifesas

329 1003 520 1052 tribuit,
585 1018 755 1061 negans
802 1014 934 1060 atque
975 1017 1253 1062 pernegans‚
1312 1001 1507 1063 pedibus

330 1092 477 1135 chelas
512 1091 613 1133 illas
647 1091 1059 1140 annumerandas,
1096 1108 1188 1150 quo
1222 1109 1246 1134 a
1278 1091 1507 1152 plerisque

325 1181 434 1224 refe]
448 1194 601 1224 untur.
665 1182 839 1223 Aranea
865 1180 1071 1224 Linnaeo
1099 1182 1306 1224 antennis
1340 1182 1506 1224 articu-

325 1271 429 1314 latis
469 1274 602 1325 (mas
633 1269 872 1328 capitatis)
917 1269 1189 1328 insignitur,
1250 1287 1366 1329 quos
1409 1271 1503 1330 pal-

324 1377 409 1421 pos
443 1360 526 1402 esse
559 1359 787 1417 Degeerio
816 1358 1014 1417 placuit,
1070 1359 1151 1418 qui
1182 1375 1312 1403 veras
1348 1373 1503 1402 anten-

324 1466 404 1493 nas
446 1447 731 1491 breviffimas
780 1446 860 1490 sub
901 1447 1008 1506 pilis
1054 1449 1335 1490 Aranearum
1363 1449 1500 1493 latere

323 1551 367 1582 et
417 1538 477 1581 ob
524 1537 644 1579 hauc
692 1537 891 1579 causam·
920 1537 1261 1595 inquirentium
1308 1554 1499 1587 acumen

322 1628 480 1688 fugere
517 1639 712 1687 putaret.
776 1629 838 1669 At
880 1625 992 1668 haec
1027 1628 1146 1669 vana
1185 1626 1396 1671 Fabricio
1425 1629 1498 1672 vi-

321 1718 512 1765 dentur,
548 1714 883 1759 characteribus
916 1717 1116 1757 Araneae
1150 1719 1494 1763 annumeranti:

319 1810 594 1857 „Antennas
648 1803 810 1847 nullas.
832 1813 861 1830 “
934 1803 1108 1847 Eadem
1149 1803 1241 1846 fere
1277 1806 1416 1849 ratio
1438 1807 1497 1852 est

319 1895 560 1955 Phaiangii
589 1907 632 1936 et
665 1892 946 1952 Scorpionis,
966 1899 1181 1951 'quorum
1214 1892 1347 1936 alteri
1380 1896 1495 1938 Lin-

317 2002 455 2030 naeus
488 1997 702 2026 antennas
735 1981 1041 2041 pediformes,
1096 1981 1226 2026 alteri
1259 1983 1492 2029 cheliferas

317 2075 484 2118 tribuit
497 2059 511 2122 ;Χ
540 2072 773 2115 Fabricius
806 2070 941 2129 negat
972 2071 1171 2129 u'trique.
1207 2071 1337 2115 Idem
1369 2071 1493 2117 haud

315 2163 445 2208 aliter
503 2160 815 2210 Trombidio,
886 2140 961 2203 cui
1021 2172 1236 2203 antennas
1285 2161 1494 2205 vindicat

314 2249 562 2297 Bonsdorf.
645 2250 770 2308 Quid
819 2262 941 2294 tanta
991 2262 1234 2292 auctorum
1278 2249 1518 2293 differen->

314 2340 418 2384 tia?
484 2339 617 2382 Unde
661 2352 783 2388 orta,
852 2354 943 2398 quo
989 2338 1275 2381 terminanda
1303 2337 1400 2382 est?
1429 2365 1489 2373 —

315 2432 434 2474 Tota
481 2445 551 2471 res
605 2428 658 2470 ad
718 2441 1019 2471 antennarum
1084 2427 1340 2470 reducenda
1400 2428 1485 2470 erit

314 2518 658 2567 definitionem,
718 2534 855 2578 quam
915 2516 1011 2560 viri
1052 2516 1231 2576 ingenii
1274 2517 1485 2559 acumine
