1615 2997
403 287 464 339 43
642 279 876 320 1³22ssch
906 278 1295 324 ΑΝΤΕΝΝΑΡιυΜ.

403 396 643 441 subtilitas.
717 397 877 454 Itaque
929 393 1193 438 brevissime
1248 409 1430 440 tantum
1477 415 1577 459 per-

400 487 666 533 lustremus,
734 500 848 544 quae
893 484 1224 529 universaliora
1275 499 1579 533 antennarum

401 588 645 620 anatomen
676 573 977 618 constituunt.

897 662 937 717 §.
1000 676 1073 708 20.

652 759 818 793 Summa
846 755 1024 792 notitiae
1053 757 1325 796 auatomicae.

457 850 666 891 Penetrat
697 846 747 887 in
782 857 996 887 antennas
1031 844 1186 888 eadem
1214 846 1379 906 pulpa,
1434 862 1575 907 quam

399 949 533 998 caput
563 936 842 978 insectorum
887 933 1120 983 continet,
1186 951 1325 994 eaque
1358 948 1573 980 antennas

393 1026 578 1087 penitus
619 1023 785 1083 implet
831 1023 900 1078 (§.
952 1024 1054 1080 16.)
1100 1036 1145 1066 at
1186 1022 1358 1084 ubique
1395 1025 1574 1069 duriori

395 1115 539 1159 crusta
568 1115 658 1156 fine
689 1112 915 1156 foramine
942 1111 1200 1156 includitur
1227 1114 1345 1174 (§..9
1380 1098 1449 1159 16.
1479 1104 1571 1171 185.

393 1207 507 1251 Non
554 1203 693 1246 unius
740 1201 916 1260 generis
953 1200 1031 1244 illa
1063 1202 1145 1251 est,
1203 1203 1384 1246 vascula
1417 1203 1573 1246 distin-

394 1306 603 1354 guuntur
635 1296 694 1347 1).
756 1293 816 1333 Et
849 1290 1081 1333 musculus
1109 1291 1252 1334 intrat
1290 1296 1334 1350 ²)
1370 1292 1570 1336 duriori-

392 1383 477 1426 bus
519 1378 700 1423 annulis
737 1379 927 1422 adnatus
971 1381 1042 1435 (ᾗ.
1076 1384 1177 1437 17.)
1217 1397 1309 1440 quo
1351 1394 1394 1424 et
1424 1381 1568 1425 libere

389 1471 575 1515 moveri
607 1482 651 1512 et
681 1468 866 1511 extendi
897 1467 1159 1528 retrahique
1187 1470 1362 1529 singula
1380 1470 1569 1515 articula

388 1560 575 1621 poffunt
606 1559 665 1615 (ᾗ.
700 1559 743 1602 6.
782 1561 871 1615 17.)
912 1561 1169 1618 Prorepunt
1213 1559 1351 1602 etiam
1390 1573 1510 1604 recta
1542 1578 1567 1604 a

387 1649 572 1693 cerebro
606 1648 657 1690 in
690 1660 904 1690 antennas
941 1647 1077 1691 nervi
1108 1651 1178 1704 3),
1246 1649 1461 1692 omnium
1503 1649 1567 1693 fa-

387 1739 560 1783 cillime
607 1736 833 1780 irritandi.
897 1737 1020 1780 Nam
1057 1737 1244 1796 singulis
1279 1738 1460 1782 annulis
1489 1755 1565 1782 ex-

388 1829 518 1871 tenfis
552 1839 685 1886 atque
717 1824 768 1866 in
804 1825 845 1867 fe
887 1825 1091 1868 invicem
1127 1827 1331 1871 retractis
1375 1827 1441 1883 (ὦ.
1479 1832 1560 1888 9.)

386 1917 531 1961 totius
565 1929 784 1958 antennae
816 1913 1074 1973 amplitudo
1105 1915 1332 1966 variatur,
1392 1933 1481 1977 qua
1510 1933 1562 1961 re

386 2005 616 2066 quidquid
657 2003 799 2047 molle
845 2003 896 2045 in
940 2002 1051 2045 dura
1095 2004 1238 2046 crusta
1280 2005 1557 2056 continetur,

383 2095 559 2138 mirmn
591 2094 640 2135 in
667 2093 864 2137 modum
889 2094 1073 2136 moveri
1106 2105 1150 2136 et
1177 2092 1296 2136 affici
1323 2093 1468 2139 debet.

444 2190 483 2234 ι)
525 2185 742 2222 Bous-'lois
773 2187 822 2221 de
854 2186 1045 2221 antennis
1088 2200 1128 2231 p.
1162 2193 1202 2231 4.

410 2290 412 2292 .
441 2258 483 2303 2)-
504 2256 757 2302 Comparctti
782 2257 831 2291 de
855 2267 955 2291 aure
977 2256 1144 2291 interna
1158 2264 1440 2302 comparatap.
1459 2258 1551 2304 296.

443 2327 485 2374 3)
519 2328 677 2372 Scurpa
705 2327 754 2361 dc
788 2326 940 2360 aucum
983 2333 1022 2359 et
1053 2323 1216 2362 olfactu
1256 2339 1298 2372 p.
1333 2336 1372 2371 5.
1437 2329 1552 2364 Com-

549 2396 698 2441 paretti
726 2396 755 2430 l.
790 2406 825 2431 c.
856 2407 896 2441 p.
930 2403 1024 2439 293.
