1615 2997
469 243 960 281 Axmzwnanuu.
1245 244 1301 296 41

132 356 327 416 figuram
363 354 742 398 semicircularem
778 369 1112 413 nonnunquam
1128 355 1309 414 mpos-

129 447 214 489 fint
243 470 305 479 —
348 444 546 487 curvari.
623 443 709 486 Sed
755 442 868 502 quid
921 458 973 485 eo
1036 443 1307 492 evincimur,

132 535 304 578 etiamst
345 549 503 577 omnes
539 532 668 575 istam
702 531 898 591 figuram
935 531 1186 575 obtineant.
1250 535 1312 575 At

133 623 303 667 multae
345 635 561 665 antennae
602 637 707 664 cum
753 620 960 680 organis,
1027 637 1141 680 quae
1169 621 1313 664 modo

134 713 509 760 nominavimus,
572 727 628 753 ne
661 710 907 753 minimam
944 709 1132 768 quidem
1167 723 1315 753 exter·

134 819 240 845 nam
279 801 479 844 formam
530 815 828 843 communem
879 798 1075 847 habent,
1141 799 1315 841 nedum

135 891 405 934 interiorem
439 901 646 931 naturam
679 888 935 930 imitantur.
996 887 1229 931 Prodeunt
1262 887 1318 931 ad

140 992 439 1022 antennarum
480 990 693 1025 motum,
730 992 821 1036 quo
845 989 962 1019 certe
995 976 1221 1020 canalium
1258 978 1320 1019 se-

138 1066 503 1111 mich-eularium
547 1078 706 1108 natura
766 1081 860 1108 non
913 1079 1143 1124 aequatur.
1232 1066 1319 1110 Sed

140 1155 279 1215 agiles
308 1171 382 1199 eae
413 1156 540 1204 sunt,
593 1153 966 1215 quandoquidem
1001 1155 1223 1198 clamores
1252 1157 1320 1198 su-

141 1244 241 1288 bito
270 1257 541 1304 erumpunt3
589 1243 769 1286 eaedem
803 1245 905 1286 sunt
936 1243 1130 1301 vigiles,
1181 1244 1322 1287 lumi-

144 1350 200 1377 ne
234 1333 382 1376 subito
424 1332 842 1391 appropinquante,
899 1333 1082 1375 eaedem
1133 1333 1324 1376 vibrant

148 1421 521 1483 graveolentibus
552 1420 776 1470 admotis,
839 1421 1020 1464 eaedem
1056 1435 1322 1472 moventur,

146 1510 250 1554 cibo
289 1509 445 1553 hausto
490 1509 827 1559 hauriendo-ve,
900 1510 1081 1553 eaedem
1127 1511 1327 1571 denique

147 1600 379 1659 agitantur
408 1599 588 1657 quando
619 1610 698 1640 aut
728 1614 798 1641 res
825 1598 1005 1641 infestae
1032 1599 1217 1642 laedunt
1248 1613 1327 1644 aut

149 1687 362 1747 voluptas
397 1687 555 1729 titillat
582 1687 762 1731 insecta.
826 1690 1000 1730 Suntne
1037 1688 1192 1747 itaque
1225 1705 1326 1732 om·

149 1777 283 1820 nium
317 1775 450 1822 simul
482 1776 689 1818 sensuum
722 1776 921 1819 ministri
962 1789 1095 1836 atque
1143 1777 1328 1837 insuper

150 1864 458 1926 generationis
496 1862 701 1923 organa?
767 1865 881 1923 Quis
924 1878 1018 1909 tam
1063 1865 1217 1909 insons
1255 1866 1328 1915 est,

153 1967 206 1997 ut
231 1953 322 1996 hoc
354 1951 576 1996 affirmare
608 1951 803 1996 audeat?
861 1955 1006 2013 Atqui
1047 1954 1127 1998 illa
1173 1955 1333 1998 omnia

153 2043 428 2101 sequuntur,
486 2028 523 2083 fi'
546 2040 682 2084 semel
713 2041 913 2101 aliquam
948 2041 1028 2084 tali
1054 2055 1329 2102 argumento

155 2131 259 2175 vim
310 2129 511 2175 tribuere
552 2129 789 2174 volumus.
862 2134 968 2175 Imo
1023 2132 1210 2191 erigunt
1255 2148 1332 2175 an-

157 2232 312 2268 tennas
357 2218 643 2278 Papiliones,
709 2219 892 2279 quando
941 2233 1018 2262 aut
1048 2220 1237 2280 strepitu
1264 2221 1336 2263 su-

158 2306 259 2350 bito
297 2319 374 2349 aut
418 2306 504 2354 alia
545 2324 594 2351 re
634 2306 837 2367 qualibet
866 2309 1016 2353 territi
1047 2309 1247 2358 avolant,
1272 2333 1337 2347 —-

161 2396 270 2457 quia
297 2385 511 2446 avolant3
552 2396 819 2458 deprimunt
844 2410 1060 2443 antennas
1092 2397 1338 2443 Curculio-2
