1615 2997
482 261 967 305 ANQAENNARUM.
1247 261 1309 318 67

578 350 594 364 d

131 376 272 420 serius
301 375 514 425 redeunt,
557 373 846 435 tranquillam
882 374 1000 418 hanc
1032 383 1126 420 non
1160 376 1308 422 solum

132 464 335 507 futuram
384 463 542 523 apiarii
599 463 883 523 praedicant,
947 463 1019 507 sed
1073 464 1195 508 diem
1242 467 1306 510 se·

116 565 347 611 vquentem
387 553 524 595 etiam
569 567 665 594 non
713 552 867 594 minus
919 553 1180 613 prosperam
1228 570 1306 598 ex·

130 640 342 699 spectant.
391 639 586 683 Eaedem
621 655 732 683 vero
768 639 947 698 quando
979 657 1074 684 non
1106 641 1188 684 nifi
1218 643 1304 685 cir-

131 744 238 771 cum
284 728 458 771 alveare
491 729 742 777 susurrant,
808 728 989 786 quando
1033 741 1205 773 tectum
1233 747 1302 775 re-

127 816 334 875 linquere
361 817 539 866 timent,
569 832 663 859 non
694 815 857 875 procul
889 815 1056 859 abeunt
1087 831 1129 861 et
1160 834 1301 877 ocyus

127 917 249 948 retro
284 917 542 964 properant,
578 905 748 947 etiamst
782 903 905 946 nulla
937 904 1021 947 alia
1053 908 1299 966 appropin-

129 993 308 1051 quantis
351 992 534 1051 pluviae
572 993 694 1052 signa
737 993 901 1042 adsmt,
963 1006 1114 1037 tamen
1147 995 1301 1055 inopi·

125 1092 234 1123 nato
268 1079 426 1122 nubila
460 1080 723 1125 condensari
751 1080 945 1126 videbis.
976 1083 1049 1124 De
1082 1099 1169 1140 qua
1197 1084 1298 1142 qui-

124 1167 230 1211 dem
259 1184 307 1210 re
339 1167 560 1227 agricolae
592 1167 908 1227 prudentiores
935 1170 997 1212 ita
1038 1171 1151 1213 certi
1179 1173 1292 1221 sunt,

124 1268 176 1299 ut
209 1271 285 1299 eos
319 1269 525 1315 tempore
558 1254 729 1304 meffis,
790 1256 821 1297 fi
850 1256 968 1300 forte
1000 1256 1055 1300 de
1087 1259 1203 1302 coeli
1234 1260 1295 1303 se-

122 1342 313 1386 renitate
341 1342 648 1393 dubitaretur,
687 1342 863 1387 alveare
894 1345 1047 1389 adiisse
1069 1345 1292 1398 vidimus,

104 1447 214 1491 rquo
247 1430 400 1474 futura
429 1431 603 1490 optime
637 1431 801 1474 discere
829 1433 1018 1491 possent.
1075 1435 1173 1479 Nec
1204 1436 1292 1478 mi·

120 1536 207 1562 nus
235 1532 399 1562 notum
433 1519 514 1567 est,
547 1522 710 1578 quanta
744 1518 912 1563 sobolis
951 1536 1082 1571 cura,
1119 1535 1289 1582 quanto

119 1607 266 1650 ftudio
317 1608 552 1649 Formicae
597 1620 673 1649 aut
725 1607 912 1650 frustula
954 1609 1009 1651 ad
1054 1614 1291 1669 tegumen·

121 1707 220 1737 tum
272 1694 567 1737 habitationis
619 1709 909 1754 comportent
961 1710 1038 1739 aut
1070 1697 1289 1745 subterra-

119 1798 229 1825 neos
261 1782 496 1826 cuniculos
539 1783 780 1832 effodiant,
848 1796 900 1826 ut
938 1783 1085 1829 larvas
1126 1787 1177 1829 in
1227 1788 1285 1831 iis

118 1883 261 1913 noctu
317 1883 492 1928 tegere,
558 1888 582 1913 a
642 1872 898 1930 tempestate
939 1874 1057 1915 tueri
1103 1874 1285 1934 poffint.

118 1958 309 2001 Easdem
345 1973 449 2000 cum
477 1959 526 2000 in
558 1959 763 2018 apricum
793 1961 906 2003 ae'ris
939 1960 1128 2021 solisque
1161 1965 1286 2006 causa

118 2046 326 2106 quotidie
367 2059 606 2105 exportare
649 2046 840 2096 soleant,
905 2060 1000 2091 tota
1035 2051 1284 2110 respublica

117 2132 250 2177 brevi
288 2135 620 2194 exsti-zzgtmtur‚
689 2136 719 2176 fi
762 2135 897 2178 semel
935 2135 1093 2180 nubila
1134 2139 1281 2183 subito

103 2222 453 2266 contrahantur.
519 2223 654 2280 Quod
683 2239 738 2264 ne
767 2222 866 2272 fiat,
921 2240 994 2267 eae
1032 2226 1283 2285 quamlibet

104 2309 234 2352 ¹coeli
267 2311 567 2353 mutationem
602 2323 693 2352 tam
729 2325 930 2354 accurate
960 2314 1277 2372 praesentiunt,

117 2409 171 2440 ut
200 2414 436 2457 nunquam
468 2399 722 2458 repentinas
762 2401 1038 2459 tempestates
1070 2402 1278 2460 superve-
