1615 2997
442 236 928 279 ANTENNARUM.
1209 242 1269 294 45

90 353 225 401 stica,
262 351 425 395 melius
460 353 514 394 ad
546 350 663 394 hanc
694 367 791 394 rem
822 346 1169 396 examinandam
1194 352 1268 396 ad-

98 454 269 501 aptatae
300 454 443 484 erant.·
510 442 722 483 Latentes
766 440 915 488 enim,
968 441 1120 483 musca
1151 443 1267 492 data,

97 530 370 578 elicuimus,
406 539 458 572 ut
490 539 765 571 tentaremus
794 542 848 569 an
883 529 1155 572 tormentuli
1186 547 1270 589 py-

97 618 227 662 riferi
270 617 449 678 fragore
497 626 785 660 terrerentur.
850 618 953 674 Quo
986 616 1173 676 quidem
1207 619 1273 661 ita

98 707 250 756 edito,
300 714 351 750 ut
381 706 538 750 fumus
570 706 699 750 venti
735 704 845 748 ssatu
877 719 919 748 et
952 705 1273 751 vehementior

98 796 212 839 aeris
246 804 400 840 motus
443 794 554 838 telae
583 794 808 854 ‘pyriferae
840 794 1090 839 directione
1122 813 1272 840 remo-

97 896 308 934 veretur,
372 896 455 927 nec
498 899 595 928 non
640 883 841 932 fulmen,
904 898 1126 943 quantum
1173 885 1273 928 fieri

97 973 252 1033 potuit
286 972 340 1017 ab
368 973 425 1016 iis
460 984 712 1021 arceretur,
758 971 1066 1016 nihilominus
1100 975 1274 1017 Aranea

98 1061 311 1120 praedam
343 1061 558 1120 reliquit,
605 1058 654 1104 in
684 1063 942 1121 oppositum
981 1074 1184 1105 texturae
1212 1062 1275 1104 la·

101 1162 173 1193 tus
215 1149 411 1199 refiluit,
487 1148 571 1191 ubi
611 1149 849 1209 stupefacta
888 1164 969 1209 per
1005 1149 1144 1193 horae
1186 1148 1275 1193 rni-

105 1252 264 1281 nutam
334 1238 532 1298 primam
604 1239 833 1288 constitit,
927 1239 1090 1281 deinde
1156 1239 1276 1283 subi-

102 1336 150 1370 to
200 1327 250 1369 in
287 1324 478 1370 latebras
521 1324 601 1369 tali
635 1339 759 1370 texto
801 1327 1050 1384 adjacentes
1089 1327 1274 1388 refugit.

103 1416 209 1474 Quo
251 1412 565 1475 experimento
604 1413 774 1475 saepius
811 1417 1006 1475 repetito
1040 1417 1275 1462 vidimus:

101 1505 321 1552 Araneas‚
367 1504 450 1546 nifi
480 1505 546 1547 ita
577 1504 729 1548 musca
756 1506 948 1565 potstas,
982 1519 1034 1549 ut
1062 1506 1278 1566 praedam

102 1592 307 1636 celeriter
337 1594 487 1636 secum
520 1591 635 1636 ferre
666 1594 865 1653 possent,
899 1594 1058 1638 relicto
1093 1595 1279 1654 captivo

103 1682 279 1741 semper
319 1682 483 1725 sonum
521 1682 785 1741 graviorem
827 1682 1004 1742 fugiffe.
1074 1685 1143 1725 Ita
1183 1699 1280 1726 non

103 1769 256 1814 surdas
290 1770 373 1814 effe
407 1766 508 1813 satis
540 1770 747 1831 proball‘e
777 1769 1067 1816 videbantur.
1129 1774 1195 1815 Ac
1223 1788 1281 1816 ne

105 1859 209 1919 quis
239 1857 358 1903 forte
391 1859 605 1916 objiciat,
642 1876 738 1904 non
769 1860 893 1920 poffe
926 1861 1277 1909 observatorem,

103 1949 138 1991 fi
170 1944 454 1992 tormentulo
494 1949 674 1992 intonet
721 1962 880 1992 omnes
912 1949 1282 1993 vehementiores

107 2034 221 2081 ae’ris
254 2050 410 2081 motus
445 2036 502 2080 ab
534 2038 722 2081 Araneis
753 2039 818 2080 ita
853 2054 1028 2088 arcere,
1058 2050 1110 2080 ut
1137 2048 1281 2081 tactus

107 2123 301 2169 omnino
359 2142 454 2170 non
508 2127 765 2171 offendatur
820 2126 1127 2176 acutiffimus,
1186 2143 1283 2171 non

107 2210 230 2274 poffe
260 2215 483 2258 Araneam
511 2216 575 2259 ita
604 2215 888 2267 obumbrari,
922 2228 975 2260 ut
1005 2215 1182 2259 fulmen
1214 2217 1284 2258 su-

108 2301 263 2345 bitum
294 2304 454 2348 oculos
482 2322 577 2350 non
608 2316 798 2355 terreat,
835 2321 916 2349 nec
943 2313 1084 2348 vento
1117 2305 1180 2347 ita
1212 2303 1284 2347 fu-

109 2406 244 2436 mum
272 2393 446 2452 repelli,
478 2406 528 2437 ut
555 2394 726 2438 olfactu
758 2395 960 2459 omninq
987 2393 1160 2454 percipi
1188 2410 1284 2437 non
