1615 2997
326 219 383 264 26
801 215 881 259 DE
912 229 1006 261 usu

322 353 348 381 a
393 352 486 397 quo
537 349 689 378 errore
734 333 786 375 in
829 331 1133 393 opinionibus
1187 317 1503 378 examinandis

321 425 527 470 maxime
574 424 626 468 fit
669 421 941 466 cavendum.
1015 422 1387 483 Entomologos‚
1451 436 1507 468 ut

325 532 488 561 omnes
527 513 742 557 historiae
791 510 1013 555 naturalis
1063 511 1262 556 cultores
1305 512 1356 555 in
1393 512 1504 557 duas

322 605 474 650 claffes
503 603 711 647 dividere
739 600 963 651 solemus:
993 602 1050 645 ad
1080 601 1265 644 alteram
1295 602 1376 662 qui
1401 591 1506 662 'per-

322 673 497 742 tinent,
547 692 850 750 systematicos
881 692 964 734 sese
998 691 1250 751 appellant,
1282 692 1363 751 qui
1399 691 1507 735 alte·

319 800 423 828 ram
468 782 775 830 constituunt,
833 780 1145 825 observatores
1187 783 1504 826 nominantur.

322 873 522 933 Utrique
567 871 747 932 generi,
815 870 941 930 quod
970 869 1023 912 ad
1053 871 1252 914 nostram
1287 872 1508 931 quaestio-

324 979 458 1012 nem,
519 961 695 1006 vitium
744 961 878 1002 suum
922 959 1145 1020 fingulare
1187 950 1401 1006 innatum
1433 961 1507 1007 vi-

323 1051 473 1096 detur.
538 1052 662 1096 Nam
695 1062 748 1093 ut
779 1065 855 1093 eos
888 1061 1145 1099 taceamus,
1180 1051 1284 1110 qui,
1316 1066 1423 1094 cum
1453 1050 1508 1095 de

323 1143 405 1185 suo
438 1140 552 1200 quid
583 1138 844 1200 proferatur
870 1139 954 1199 ipfi
988 1138 1112 1181 haud
1158 1139 1378 1190 habeant,
1439 1140 1509 1184 nil

322 1231 409 1274 nifi
443 1228 606 1278 relata,
666 1242 710 1272 et
743 1244 800 1271 ex
834 1227 986 1272 relatis
1015 1228 1176 1279 relata,
1238 1228 1411 1272 iterum
1439 1246 1508 1274 re·

322 1319 442 1363 ferre
476 1318 669 1367 soleant;
719 1318 843 1367 sunt,
895 1318 977 1377 qui
1004 1323 1026 1360 e
1057 1317 1425 1378 contemplandis
1457 1319 1508 1363 in

324 1410 483 1454 museo
517 1408 797 1452 infectorum
836 1406 1173 1468 exemplaribus
1208 1408 1327 1451 siccis
1357 1408 1509 1469 iisque

326 1497 614 1542 conferendis
649 1509 692 1540 et
719 1497 1041 1557 disponendis,
1085 1498 1168 1540 nec
1196 1513 1291 1540 non
1324 1513 1508 1559 compa·

325 1588 482 1631 randis
513 1587 572 1630 iis
602 1602 709 1630 cum
756 1587 956 1630 aliorum
993 1585 1265 1630 animalium
1299 1587 1507 1632 claffibus

325 1690 630 1721 antennarum
664 1677 798 1718 usum
832 1677 1060 1735 quendam
1089 1690 1289 1735 ponant,
1355 1675 1506 1726 obliti,

322 1779 552 1828 quantum
596 1766 771 1809 interfit
834 1765 956 1807 inter
1014 1764 1219 1809 viventis
1262 1765 1511 1826 vegetique

327 1855 597 1900 animalculi
631 1870 838 1915 organon
870 1840 1005 1914 atque
1033 1855 1239 1897 exsiccati
1267 1856 1508 1913 cujusdam

327 1945 692 2005 cataphractam3
727 1945 1050 1993 immemores,
1085 1960 1180 1988 non
1211 1944 1295 1987 effe
1327 1944 1511 2005 phylio-

326 2034 431 2094 logi
465 2034 789 2094 quaestionem,
821 2035 897 2077 cui
926 2035 1029 2077 usui
1061 2033 1270 2077 membra
1304 2034 1423 2084 talia,
1458 2046 1511 2078 ut

327 2136 577 2174 antennae,
617 2123 837 2167 inservire
871 2123 1064 2184 possint,
1115 2123 1188 2166 sed
1220 2123 1296 2166 cui
1326 2138 1375 2167 re
1402 2138 1514 2168 Vera

328 2226 549 2257 antennae
590 2214 878 2267 ,inserviant3
951 2213 1350 2273 negligentesque,
1420 2212 1511 2257 hoc

329 2303 432 2345 erui
463 2304 677 2363 nequire,
726 2303 809 2345 nifi
844 2302 995 2345 sedula
1024 2302 1294 2346 viventium
1327 2315 1408 2362 per
1442 2314 1510 2345 to·-

330 2403 428 2436 tam
471 2393 620 2437 vitam
664 2392 997 2438 observatione.
1080 2393 1121 2435 A
1174 2408 1266 2452 quo
1319 2370 1508 2452 qiiidem

1388 2480 1512 2525 ‘vitio
