1615 2997
468 252 964 293 ANTENNARUM.
1243 264 1303 307 23

128 363 420 423 conspicitur.
483 365 544 407 At
575 365 839 424 quicunque
868 365 1050 409 tandem
1085 366 1144 411 est
1174 382 1301 426 apex,

128 451 316 511 reliquis
348 452 552 497 articulis
597 453 660 497 ita
701 452 931 503 inhaeret,
994 467 1046 497 ut
1076 455 1179 516 plus
1214 454 1302 496 mi-

128 541 269 582 nusve
305 540 490 583 extendi
517 554 560 583 et
585 541 754 585 iterum
797 543 847 588 in
876 543 1086 602 proximi
1118 541 1303 587 articuli

124 628 343 671 interiora
381 629 573 688 reprimi
613 629 763 689 poffit.
826 633 948 674 Haec
984 629 1147 674 flexilis
1175 646 1301 674 com-

124 717 289 775 positio
325 717 483 760 cedens
517 718 805 778 refiliensque
841 718 1183 775 (elasticitatem
1215 734 1300 762 vo-

125 809 256 861 cant)
289 820 394 848 cum
423 805 541 849 nulli
570 820 788 850 antennae
808 807 1001 850 artiquo
1020 807 1141 855 defit,
1174 806 1301 865 quod

125 894 299 951 apicem
334 895 528 938 offendit
553 908 595 938 et
627 908 722 938 tute
755 908 798 938 et
831 908 950 938 certe
984 913 1007 937 a
1035 896 1179 954 capite
1207 895 1299 937 sen·

125 981 266 1030 titur,
331 984 502 1026 etiamsi
546 983 779 1026 durissima
822 985 873 1026 fit
907 984 1122 1026 omnium
1158 982 1301 1025 crusta

125 1051 338 1114 exterior.
401 1073 462 1114 At
504 1071 654 1115 multo
685 1072 864 1114 acutior
895 1071 1084 1114 videtur
1114 1071 1165 1112 in
1198 1071 1299 1128 qui·

121 1155 317 1200 busdam
362 1159 503 1218 apicis
546 1160 773 1204 teneritas.
837 1160 972 1203 Aerei
1014 1159 1137 1201 enim
1169 1159 1299 1218 Papi-

121 1244 296 1294 liones,
360 1246 586 1306 Sphinges
630 1260 674 1290 et
702 1247 874 1290 multae
906 1247 1176 1295 Phalaenae,
1247 1247 1299 1289 in

123 1335 388 1382 universum
426 1336 583 1379 onmia
610 1335 703 1378 sere
730 1337 921 1384 insecta,
989 1352 1102 1394 quae
1130 1348 1297 1378 temam

123 1435 167 1464 et
209 1423 403 1466 stercora
445 1423 570 1466 haud
615 1423 910 1486 perfodiunt,
971 1424 1178 1466 antennis
1226 1424 1297 1466 in-

119 1511 283 1554 structa
326 1512 429 1554 sunt
478 1523 522 1554 et
564 1527 647 1570 per
685 1512 727 1558 se
766 1511 1068 1555 mollibus.et
1101 1514 1297 1570 quarum

120 1616 235 1658 apex
265 1599 315 1641 in
351 1599 635 1642 tenuiffimos
667 1599 788 1660 pilos
822 1612 899 1642 aut
932 1598 1160 1641 filamenta
1186 1599 1295 1642 exit.

117 1687 249 1729 Recti
303 1685 390 1746 pili
448 1686 650 1745 prostant
692 1688 744 1728 in
796 1687 1092 1746 papilionum
1152 1687 1294 1736 clava,

119 1774 345 1835 Sphinges
379 1774 643 1820 fasciculum
678 1774 984 1820 declinantem
1031 1787 1076 1818 et
1106 1775 1294 1817 uncina-

118 1876 219 1905 tum
269 1875 460 1922 gerunt3
526 1863 712 1923 utrique
755 1863 927 1907 inermi
982 1863 1117 1907 oculo
1162 1879 1294 1923 appa-

117 1963 232 1993 rent.
306 1953 456 2009 Atque
511 1951 684 2015 saepius
734 1967 829 1994 non
867 1951 951 1994 nifi
997 1966 1078 2014 per
1121 1950 1292 1994 lentem

118 2038 376 2097 conspicui,
410 2037 748 2087 nihilominus,
785 2055 891 2082 cum
926 2038 1129 2083 colorem
1163 2055 1292 2082 men·

119 2126 299 2168 tiuntur
354 2126 693 2176 candidiorem,
763 2125 1048 2173 observatori
1095 2127 1137 2170 se
1185 2143 1292 2187 pro-

118 2214 248 2257 dunt.
310 2216 414 2258 Imo
450 2213 541 2257 hoc
581 2215 632 2258 in
669 2215 918 2258 duriffimis
952 2214 1290 2274 Cerambycum

116 2302 344 2361 Lepturae
377 2315 421 2346 et
448 2302 721 2362 Gryllorum
762 2303 1100 2349 nonnullorum
1133 2316 1289 2347 anten-
