1615 2997
470 236 963 279 ANTENNARUM.
1231 246 1290 290 57

115 351 307 397 obstant
338 350 455 395 'aliis
503 352 804 396 instrumenta
853 351 1020 394 cibaria
1071 353 1291 403 maxima,

114 458 227 501 quae
259 442 308 483 in
344 440 616 500 Staphylino
671 441 900 500 prostratu
960 457 1100 500 rugae
1134 442 1294 503 eapitis

115 529 375 572 duriffimae
401 530 665 588 impediunt
700 529 810 578 alia,
846 544 896 572 ut
925 529 1150 578 Carabos;
1191 532 1293 574 aliis

113 619 231 678 ipsae
263 619 600 678 impedimento
634 620 736 661 sunt
769 632 988 662 antennae
1032 621 1162 677 cnjus
1210 622 1294 664 Ce-

113 708 349 766 rambyces
367 707 578 767 exemplo
596 709 695 751 sint.
726 707 906 765 Quibus
926 709 1143 753 omnibus
1160 711 1297 754 foculi

114 797 328 856 vigilant,
367 814 423 839 ne
443 798 633 853 majera,
665 813 778 856 quae
801 797 1058 857 perieulum
1082 799 1298 842 minitare

114 886 297 946 possint,
335 886 670 946 superveniant,
697 886 807 928 dum
822 899 1040 931 antennae
1053 888 1180 931 viam
1197 904 1298 932 coe-

118 992 217 1019 cam
257 989 445 1018 tentant.
478 975 710 1035 Equidem
739 975 850 1019 nolo
880 976 1133 1036 disputare,
1202 995 1300 1022 non

115 1062 242 1125 poffe
273 1065 384 1107 haec
411 1065 576 1106 insecta
606 1081 810 1113 cernere,
844 1082 956 1124 quae
1005 1067 1224 1126 propiora
1257 1080 1302 1110 et

118 1154 300 1197 minora
329 1169 385 1196 ex
418 1153 604 1197 adverso
638 1167 902 1202 occurrant;
939 1168 982 1196 at
1015 1155 1182 1201 centies
1210 1157 1303 1198 sex·

64 1270 67 1275 ‹
121 1243 374 1302 centiesque
408 1242 783 1292 observavimus,
819 1243 1000 1292 eadem,
1050 1260 1156 1286 eum
1191 1244 1302 1287 aliae

121 1332 280 1391 capitis
309 1344 458 1392 partes
494 1332 615 1374 inter
662 1331 822 1376 oquos
868 1345 912 1375 et
945 1332 1074 1376 viam
1112 1333 1308 1376 interce-

121 1421 256 1470 dant,
309 1421 435 1463 cerni
461 1420 515 1463 ab
547 1421 604 1463 iis
638 1437 733 1464 non
752 1420 912 1480 solere.

185 1512 250 1554 Ut
294 1509 539 1554 oculorum
587 1511 725 1553 situm
767 1511 818 1552 in
859 1511 1068 1554 sensuum
1101 1511 1303 1570 disquifi·

123 1600 277 1648 tione,
341 1615 621 1658 quamquam
663 1599 704 1642 is
740 1599 938 1641 maximi
978 1601 1209 1643 momenti
1237 1602 1304 1650 fit,

121 1687 386 1750 physiologi
418 1687 657 1747 hucusque
683 1687 927 1747 neglexisse
955 1688 1203 1739 videntur,
1249 1692 1308 1733 fic

124 1793 201 1821 eos
232 1793 395 1837 parum
426 1776 660 1820 attendiss'e
691 1776 907 1820 credibile
939 1778 1026 1827 est,
1067 1778 1118 1820 in
1153 1792 1308 1821 anten-

123 1882 289 1910 narum
332 1865 638 1925 disputatione
683 1865 739 1909 ad
767 1882 924 1909 earum
959 1867 1008 1909 in
1042 1867 1204 1910 multis
1233 1868 1307 1910 de·

124 1955 298 1998 fectum
345 1966 389 1996 et
429 1954 485 1997 ad
533 1970 582 1997 ea
626 1970 822 2014 organa,
881 1955 1049 2014 quibus
1091 1970 1309 2001 antennae

127 2044 498 2103 compensantur.
528 2045 651 2087 Nam
683 2043 767 2087 ubi
799 2044 982 2094 desunt,
1015 2060 1171 2088 earum
1206 2047 1311 2090 vice

126 2132 388 2192 funguntur
431 2145 574 2176 tactus
620 2149 801 2192 organa.
877 2133 1005 2193 Palpi
1044 2135 1166 2177 enim
1216 2135 1312 2177 dati

130 2222 257 2270 sunt,
303 2219 622 2265 deficientibus
657 2223 892 2272 antennis,
941 2224 1145 2282 porrecti
1177 2237 1312 2285 atque

129 2322 391 2370 tangentes,
453 2323 506 2353 ut
550 2310 600 2354 in
639 2310 850 2370 pluribus
881 2313 1068 2356 Araneis
1103 2311 1314 2356 observa-

132 2409 238 2449 tur,
293 2412 371 2444 aut
411 2416 575 2445 manus
608 2413 834 2462 geruntur
862 2403 919 2458 (a
947 2401 1312 2462 Scorpionibus)
