1615 2997
321 230 384 282 5‘0
806 224 884 268 DE
917 238 1013 269 Usu

791 427 920 494 Cap.
958 427 1055 477 VI.

492 544 579 579 Nec
615 536 783 588 gustum
808 542 1076 578 intentatum
1108 540 1350 588 liquerunt.

384 638 494 681 Fuit
519 638 642 679 inter
675 636 1006 684 observatores,
1041 636 1123 696 qui
1155 653 1284 697 aqua,
1320 634 1519 679 sacchari

324 726 601 769 admistione
638 724 787 774 dulci,
821 724 1117 784 Papilionum
1149 737 1365 769 antennas
1394 724 1519 769 oble-

324 815 411 859 vit.
474 816 578 873 Quo
623 813 744 858 facto
791 829 897 856 cum
928 813 1111 856 dulcem
1144 813 1377 874 liquorem
1411 830 1518 874 pro-

323 903 515 948 boscide
543 903 580 947 ii
610 914 932 951 removerent,
977 903 1160 962 gustum
1195 903 1403 947 antennis
1438 904 1519 946 tri·

323 992 430 1037 buit
458 992 705 1051 indagator
736 991 829 1035 ille.
897 992 1043 1049 Cujus
1093 992 1285 1051 quidem
1338 992 1518 1049 judicio

324 1082 493 1125 melius
525 1079 788 1124 consultum
825 1079 937 1130 erit,
973 1082 1004 1122 fi
1034 1081 1306 1140 opinionem
1337 1081 1515 1125 silentio

323 1183 690 1231 praetereamus,
767 1186 907 1228 quam
951 1170 982 1211 fi
1024 1169 1274 1214 refellendo
1324 1170 1518 1214 halluci-

323 1252 563 1303 nationem
603 1273 906 1318 exponamus.

781 1418 909 1487 Cap.
947 1417 1069 1470 VII.

697 1522 729 1554 'r
790 1531 833 1567 a,
868 1531 891 1557 c
949 1530 966 1556 t
1028 1531 1062 1556 u
1118 1532 1151 1557 s.

391 1602 520 1660 Quos
554 1599 795 1661 hucusque
826 1601 1181 1645 nominavimus
1211 1602 1357 1645 sensus
1377 1634 1389 1651 ,
1445 1617 1520 1646 eo-

327 1705 435 1732 rum
479 1688 665 1732 nullum
716 1691 926 1734 antennis
980 1688 1218 1734 inhaerere
1260 1692 1518 1740 evicimus3

326 1779 482 1838 itaque
516 1795 622 1821 cum
653 1779 707 1821 de
751 1779 880 1828 visu,
941 1781 1025 1822 nifi
1059 1796 1248 1823 omnem
1283 1780 1515 1823 rationem

327 1867 610 1917 deseramus,
674 1883 732 1910 ne
783 1867 937 1912 hilum
966 1868 1171 1928 quidem
1216 1869 1519 1928 cogitandum

327 1956 405 2005 fit,
456 1956 511 1998 ad
548 1969 722 1999 tactum
754 1957 1085 2000 recurrendum
1116 1957 1228 2007 erit,
1270 1974 1407 2018 quem
1443 1964 1522 2001 aii-⁷

329 2046 480 2089 tennis
513 2046 629 2090 olim
663 2045 925 2091 vindicavit
953 2047 1132 2106 patrius
1163 2047 1339 2090 sermo:
1376 2046 1517 2091 Ffihl-

327 2132 502 2176 horner
532 2134 644 2178 haec
672 2151 842 2195 organa
871 2135 1176 2180 nominando.
1241 2137 1308 2179 Ac
1340 2153 1397 2180 ne
1430 2152 1515 2179 no-

328 2221 402 2266 bis
430 2224 506 2273 fit,
549 2241 714 2284 1quam
751 2225 876 2285 saepe
906 2223 1070 2267 factam
1101 2226 1415 2285 comperimus
1451 2237 1515 2268 ta·

330 2324 430 2355 ctus
476 2312 582 2355 falsa
627 2313 975 2374 interpretatio,
1032 2315 1179 2358 sensus
1213 2314 1353 2372 hujus
1383 2327 1516 2357 natu-

327 2416 427 2443 ram
458 2402 758 2462 nominisque
797 2403 985 2448 varium
1018 2404 1153 2446 usum
1182 2403 1407 2464 explicare
1438 2402 1512 2445 de-
