1615 2997
427 272 911 316 ANTENNARUM.
1199 282 1258 326 25

91 405 193 434 cem
227 401 613 449 pertentaremus,
675 403 780 430 cum
833 384 1002 429 nullibi
1038 384 1255 435 haereret,

89 478 390 521 instrumento
431 474 647 525 fidentes,
706 474 889 519 nullmn
937 474 1020 518 effe
1052 473 1260 519 foramen

92 565 335 611 evicimus.

598 743 638 798 §.
684 757 756 786 10.

453 843 675 878 Antennae
712 838 900 888 passivae.

152 919 370 964 Reductis
413 922 567 980 itaque
618 921 672 963 ad
705 922 842 964 unius
870 920 1060 964 rationis
1093 919 1263 980 fimpli·

93 1007 277 1051 citatem
318 1009 561 1058 omnibus,
624 1025 733 1068 quas
775 1009 1014 1068 hucusque
1059 1022 1262 1052 contem-

89 1095 325 1156 plavimus
355 1097 586 1145 antennis,
617 1097 769 1145 restat,
817 1110 869 1139 ut
900 1097 1077 1155 generis
1114 1096 1266 1151 cujus-

92 1183 197 1226 dam
257 1184 544 1228 mentionem
599 1183 819 1228 faciamus
869 1183 923 1227 ab
977 1184 1061 1226 hac
1109 1184 1265 1244 regula

92 1271 242 1315 alieni.
315 1274 432 1314 Sunt
488 1273 613 1315 enim
668 1275 853 1316 Muscae
906 1288 988 1315 nec
1037 1288 1132 1316 non
1179 1272 1266 1314 alia

93 1360 317 1420 quaedam
363 1359 580 1419 bipennia
621 1361 828 1403 antennis
860 1361 1100 1408 instructa,
1164 1360 1263 1418 qui·

92 1447 178 1491 bus
207 1447 323 1491 deest
349 1447 427 1490 ille
452 1461 609 1493 motus
642 1449 1004 1508 quaquaversum
1051 1448 1264 1497 directus,

92 1536 166 1579 fed
208 1549 366 1580 contra
404 1535 495 1578 duo
542 1549 620 1578 aut
662 1536 842 1595 globuli
890 1549 967 1579 aut
1010 1535 1210 1594 cylindri
1243 1552 1268 1579 a

93 1623 251 1667 :medio
285 1624 457 1682 capite,
492 1624 569 1667 cui
597 1624 875 1684 parviffirnis
905 1624 1109 1666 articulis
1143 1622 1270 1666 affixi

92 1712 197 1755 sunt
224 1712 379 1754 versus
410 1725 460 1754 os
493 1711 747 1770 dependent
788 1724 832 1754 et
859 1711 1024 1755 frontis
1052 1712 1268 1755 cavitates

93 1798 291 1858 implent
329 1797 500 1857 figurae
542 1800 643 1843 suae
694 1812 739 1842 et
791 1799 1106 1858 magnitudini
1161 1816 1269 1843 con·

94 1901 258 1947 g1·uas;
322 1903 471 1946 neque
515 1887 646 1930 aliter
691 1903 746 1931 ex
786 1888 951 1930 iisdem
994 1887 1269 1932 cavitatibus

94 1975 369 2036 promoveri
398 1975 608 2034 poIIunt‚
642 1992 780 2035 quam
813 1976 960 2034 apice,
996 1977 1077 2035 qui
1106 1976 1271 2036 depen-

97 2062 175 2106 det
221 2061 464 2122 paululum
503 2061 737 2107 elevando.
809 2065 960 2122 Atque
1002 2063 1114 2107 huic
1170 2065 1272 2124 qui-

98 2150 206 2193 dem
258 2149 469 2208 cylindro
522 2150 677 2194 medio
725 2151 887 2194 insidet
929 2164 1107 2211 praeter
1150 2152 1274 2212 pilos

99 2237 323 2298 quosdam
355 2240 591 2298 parviores
622 2240 712 2282 seta
744 2252 822 2282 aut
860 2240 988 2283 arista
1019 2240 1083 2283 ita
1114 2239 1270 2291 infixa,

98 2338 153 2369 ut
183 2342 289 2370 cum
316 2326 401 2370 illo
431 2340 580 2372 rectos
611 2327 705 2372 fere
747 2328 939 2388 angulos
968 2328 1139 2372 formet
1171 2340 1215 2371 et
1246 2345 1270 2370 a

101 2415 247 2476 capite
271 2415 454 2476 prostet.
495 2416 641 2461 Atista
667 2429 712 2461 et
735 2417 829 2478 ipsa
859 2417 998 2461 resilit
1024 2416 1273 2479 compress'a
