1615 2997
322 281 383 332 54
766 272 1071 315 FABn1cA

323 405 442 452 opus
476 388 536 434 est
567 387 660 433 hoc
691 387 796 432 loco
833 404 1100 431 enumerare
1138 387 1409 446 Gryllorum
1444 388 1513 431 di-

322 480 472 524 versas
527 478 720 539 speeies,
781 493 929 537 neque
976 477 1306 520 Phalaenarum
1362 477 1513 521 varias

323 581 543 612 antennas
581 567 843 627 depingere.
922 567 1036 626 Quis
1068 567 1153 616 est,
1216 567 1298 627 qui
1326 567 1513 627 ignoret

322 656 523 700 Elateres
569 655 772 704 ferratis,
837 653 1139 700 filiformibus
1172 657 1270 706 uti,
1330 669 1375 699 at
1407 656 1512 698 infi-

327 746 555 805 gniuntur
610 743 682 788 El.
732 745 1088 804 pectinicornis,
1168 744 1512 794 flabelh'cornis,

325 834 620 880 fascicularis.
718 833 1085 877 Tenthredinum
1121 835 1197 876 'fin
1205 834 1336 894 gulae
1383 834 1518 878 fami·

324 924 412 967 liae
447 936 674 984 quantum
719 922 883 966 distant
921 923 1047 983 quod
1081 922 1137 966 ad
1166 925 1405 967 antennas!
1441 924 1518 967 Ci-

325 1013 470 1056 mices
516 1012 714 1073 plurimi
763 1028 870 1055 cum
917 1025 1117 1073 quatuor
1164 1012 1382 1056 articulos
1411 1029 1520 1073 pro-

327 1103 544 1151 tendant,
629 1117 711 1144 cur
773 1101 874 1145 aliis
936 1115 1095 1145 auctus
1140 1119 1362 1146 numerus
1418 1102 1520 1146 aliis

329 1204 489 1252 quarta
523 1203 652 1251 parte
686 1189 987 1233 diminutus?
1038 1190 1225 1235 Nullibi
1259 1192 1407 1251 magis
1443 1208 1520 1235 an·

330 1294 517 1329 tennae,
554 1296 694 1339 quam
723 1280 774 1322 in
806 1281 1059 1339 Dipterum
1089 1280 1275 1323 diverfis
1305 1279 1520 1324 tribubus

328 1370 541 1417 variant,
632 1368 744 1427 quid
795 1368 849 1411 de
901 1369 1205 1428 Tipularum,
1284 1369 1519 1420 Culicum,

333 1458 599 1502 Muscarum
643 1458 853 1501 antennis
898 1458 1131 1507 dicamus,
1194 1473 1300 1501 cum
1333 1458 1384 1501 in
1417 1459 1524 1503 isto-

330 1565 438 1591 rum
474 1547 755 1590 insectorum
788 1547 887 1590 vita
922 1564 1020 1592 non
1054 1546 1324 1598 videamus,
1395 1548 1521 1609 quod

334 1637 645 1681 diversitatem
692 1633 947 1680 defideret‘?

840 1814 880 1870 §.
938 1823 1007 1874 14.

466 1917 689 1951 Antennae
722 1916 886 1951 eaedem
920 1915 968 1951 in
1000 1914 1169 1953 diverfis
1204 1916 1388 1954 insectis.

395 1997 459 2038 Ut
487 1996 689 2039 diversae
723 1997 774 2039 in
811 1995 1058 2040 simillimis
1091 1997 1272 2041 insectis
1305 2011 1522 2058 apparent

334 2096 577 2135 antennae,
634 2086 699 2128 ita
749 2085 917 2129 slmiles
959 2099 1178 2130 antennae
1211 2087 1522 2131 diverfiffimis

333 2173 516 2218 insectis
563 2174 690 2218 datae
722 2176 839 2220 sunt.
906 2175 1032 2234 Quid
1064 2176 1211 2235 potest
1244 2176 1329 2219 effe
1359 2176 1523 2219 distan-

334 2261 455 2312 tius,
519 2279 659 2323 quam
698 2264 865 2308 insecta
908 2265 1125 2325 aquatilia
1166 2279 1210 2309 et
1262 2263 1522 2308 terrestria?

336 2365 555 2395 antennae
598 2370 694 2397 non
753 2354 816 2397 ita
870 2342 1065 2399 variant.
1162 2357 1286 2400 Nam
1339 2355 1523 2414 Dytisci

338 2441 688 2502 (Hydrophili)
735 2443 998 2504 perfoliatas
1034 2444 1192 2505 Silpha
1230 2461 1326 2488 non
1364 2444 1521 2488 minus
