1615 2997
448 249 932 292 ANTENNARUM.
1213 262 1274 309 29

102 368 293 415 museis,
341 377 394 408 ut
423 365 523 408 sunt
548 364 711 423 pedes,
748 377 800 406 ut
832 364 890 407 est
924 375 1078 407 totum
1106 379 1272 424 corpus

101 455 395 499 exsiccatione
442 452 715 500 arefactum,
782 452 908 511 quod
952 453 1002 494 in
1028 452 1144 496 vivo
1179 454 1273 495 ani—

102 545 216 587 mali
243 544 380 603 longe
409 541 538 585 aliter
566 553 762 600 apparet.
826 541 990 583 Eidem
1021 543 1171 584 causae
1197 542 1272 584 ad-

102 632 341 675 scribimus
373 630 624 678 foramina,
668 645 780 688 quae
810 629 968 671 Sulzer
994 631 1146 679 affert,
1192 630 1273 674 do-

103 737 184 764 nec
241 720 347 763 vivi
403 718 562 761 insecti
617 717 932 761 observatione
987 719 1272 766 contrarium

101 808 363 869 probetur..
420 808 751 851 Verumtamen
814 806 937 848 nihil
993 807 1275 866 cogitatione

102 913 272 957 ponere
299 895 556 938 studeamus
585 894 795 953 nihilque
825 894 960 938 nobis
982 895 1272 945 concedatur,

103 986 274 1028 etiamsi
315 983 609 1028 verisimilius
658 982 812 1026 videri
850 983 999 1042 poffit.
1064 987 1167 1028 Imo
1205 997 1275 1029 to-

104 1086 196 1116 tam
234 1088 358 1120 rem,
426 1088 562 1130 quam
603 1071 920 1114 observatione
953 1071 1149 1116 stabilire
1179 1089 1275 1118 non

103 1160 363 1221 possumus,
411 1159 699 1218 indagationi
733 1159 961 1218 integram
993 1147 1273 1220 linquamus.

103 1252 206 1293 Hoc
248 1261 427 1291 tantum
472 1248 754 1296 evincimus,
810 1263 906 1290 non
938 1248 1021 1291 effe
1051 1265 1107 1291 ex
1139 1249 1276 1295 altera

103 1351 229 1398 parte
267 1337 320 1379 ad
352 1337 461 1379 haec
488 1336 814 1379 recurrendum
847 1349 939 1378 tam
973 1336 1139 1388 dubia3
1193 1357 1277 1384 nec

108 1425 499 1470 obliviscendum:
533 1440 627 1467 non
661 1423 815 1466 decere
851 1440 906 1466 ex
935 1425 1044 1467 ficca
1077 1427 1276 1471 membri

106 1514 284 1557 mortui
326 1526 426 1556 cute
473 1513 784 1572 argumentari
828 1513 882 1554 ad
921 1516 1076 1573 vegeti
1114 1517 1276 1576 organi

109 1604 239 1646 usum
266 1600 637 1662 phyfiologicum
666 1600 1047 1647 constituendum.

610 1779 650 1832 ς.
702 1793 770 1822 12.

244 1869 459 1907 Differunt
492 1878 695 1906 antennae
722 1871 954 1908 secundum
982 1872 1140 1910 sexum.

167 1959 228 2001 At
282 1973 392 2000 vero
447 1958 538 2001 five
586 1958 671 2000 fint
717 1958 942 2018 Fulgorae
989 1961 1277 2007 Laterum-iae

109 2045 239 2105 plane
277 2045 518 2104 singulares
565 2059 808 2095 antennae,
866 2048 957 2090 five
1003 2065 1076 2091 eae
1109 2066 1276 2094 conve-

108 2134 246 2176 niunt
276 2149 381 2176 cum
414 2133 693 2192 reliquarum
726 2134 1031 2194 Fulgorarum
1075 2150 1119 2181 et
1150 2139 1278 2182 Cica-

110 2222 222 2265 dum
250 2220 525 2265 brevissimis
543 2223 764 2271 antennis,
798 2239 893 2267 non
919 2225 1090 2274 minus,
1125 2244 1276 2286 quam,

111 2326 221 2370 quas
261 2309 449 2369 paffivas
492 2312 764 2355 vocavimus
811 2329 834 2354 a
876 2313 1150 2372 generaliori
1185 2315 1278 2359 foi·-

112 2415 202 2447 ma,
233 2400 363 2458 supra
393 2398 609 2459 descripta
633 2400 979 2460 quodammodo
1013 2404 1278 2463 separandae
