1615 2997
345 267 404 316 53
814 259 894 303 Dr„
949 272 1046 302 usu

346 377 516 421 mentis
565 377 839 422 auctoritas:
907 377 962 420 de
1013 376 1185 421 olfactu
1231 378 1282 421 in
1325 379 1537 423 antennis

347 480 501 511 actum
534 468 606 511 est.

408 560 508 603 Nec
550 572 705 600 tamen
760 574 922 602 ornnes
975 559 1122 601 sensus
1177 570 1271 600 tam
1332 571 1540 601 accurate

347 647 557 707 expediri
594 646 810 706 potsunt,
873 665 979 691 cum
1009 664 1090 708 per
1123 648 1192 691 rei
1224 660 1436 692 naturam
1473 661 1538 691 ta—

346 736 439 780 lem
488 736 850 795 disquisitionem
890 737 1017 780 haud
1064 737 1324 780 admittant.
1413 739 1540 782 Nam

347 826 598 887 particulae
645 825 815 869 odorae
859 826 1039 876 includi
1087 827 1320 887 dirigique
1354 827 1555 886 pofl‘unt'

347 917 484 960 sonus
526 915 738 959 nondum
782 917 939 976 potest.
1030 919 1090 960 Et
1147 916 1274 959 hunc
1330 917 1540 959 antennis

346 1006 552 1067 percipi,
619 1005 786 1049 iisdem
834 1006 1046 1053 auditum
1074 1006 1355 1058 insectorum
1390 1005 1538 1050 conti-

349 1095 451 1143 neri
481 1108 781 1156 putaverunt.

821 1277 948 1344 Cap.
1005 1278 1071 1326 V.

628 1378 870 1414 Auditusnc
902 1377 997 1412 infit
1028 1377 1256 1414 antennis?

409 1462 704 1518 Quamquam
745 1459 1007 1502 noviffimis
1040 1459 1330 1519 temporibus
1367 1460 1538 1520 praeci-

345 1566 438 1611 pue
484 1542 786 1592 defenderunt
834 1548 1108 1608 opinionem
1157 1549 1212 1591 de
1256 1548 1418 1592 auditu
1460 1567 1537 1593 an—

347 1640 498 1683 tennis
547 1639 821 1688 tribuendo,
884 1655 979 1681 non
1016 1638 1127 1682 adeo
1163 1654 1318 1683 recens
1347 1638 1428 1682 illa
1463 1620 1538 1688 est,

347 1746 486 1790 quam
536 1729 718 1788 opinati
763 1727 953 1787 quidam
1000 1728 1128 1776 funt,
1197 1745 1221 1769 a
1251 1729 1432 1788 magnis
1468 1728 1539 1772 biv

345 1817 594 1863 bliothecis
638 1818 929 1860 remotiores.
1005 1816 1094 1859 Sed
1137 1832 1233 1860 non
1283 1817 1342 1860 est
1397 1817 1537 1862 nobis

347 1907 402 1951 de
435 1921 681 1951 auctorum
726 1908 828 1964 jure
864 1906 1173 1965 litigandum,
1241 1920 1537 1966 argumento-

345 2015 455 2041 rum
500 1997 603 2039 vim
650 2010 906 2045 tentemus,
966 2013 990 2040 a
1039 1990 1317 2056 quocunqne
1350 1997 1536 2040 tandem

344 2087 427 2131 illa
460 2100 618 2130 ortum
645 2085 827 2130 ducant.
893 2088 1010 2129 Rem
1058 2085 1246 2145 quidem
1281 2087 1425 2146 ipsam
1457 2104 1533 2131 eo·

346 2177 452 2220 dem
495 2175 589 2218 fere
644 2175 789 2220 modo
833 2174 1029 2236 probare
1061 2175 1215 2219 conati
1249 2177 1378 2225 sunt,
1441 2193 1536 2237 quo

347 2265 570 2310 olfactum
607 2264 774 2309 iisdem
817 2265 1002 2325 organis
1043 2265 1283 2309 vindicare
1324 2266 1404 2308 alii
1445 2267 1534 2310 stu·-

348 2356 563 2400 duerunt.
629 2354 813 2400 Scilicet
853 2356 1007 2401 evicto
1046 2355 1228 2400 insectis
1270 2354 1362 2400 hoc
1389 2356 1530 2406 sensu,
