1615 2997
453 315 940 356 ANTENNARUM.
1256 325 1284 367 7

105 439 253 476 recta,
299 425 557 475 articulata,
606 425 825 477 mobilia,
864 427 1029 488 agilia:
1080 428 1162 488 qui
1201 444 1280 472 ve·

105 532 159 560 ro
203 514 542 575 entomologiae
593 515 670 559 vel
719 514 979 576 paullulum
1032 516 1171 560 studii
1211 517 1280 560 di·

104 604 303 653 caverit,
379 620 433 648 eo
478 605 626 664 magis
663 604 719 647 ad.
760 604 871 649 haec
921 621 1092 666 organa
1135 618 1281 650 atten-

102 692 208 738 dere
255 692 440 742 debuit,
486 693 619 752 'quod
662 710 712 736 ea
745 709 841 738 non
869 693 1018 739 solum
1050 694 1277 739 ineffabili

101 794 194 824 arte
226 782 475 841 composita
507 783 632 832 funt,
690 782 765 825 sed
811 783 946 827 etiam
976 799 1057 844 per
1087 784 1279 828 insecto-

99 887 207 913 rum
251 869 464 915 cohortes
504 883 548 913 et
578 887 775 916 numero
816 884 860 915 et
894 873 978 914 fitu
1009 886 1053 916 et
1083 888 1279 932 propor-

99 960 225 1003 tione
254 972 297 1002 et
332 958 476 1018 figura
508 971 552 1002 et
583 960 709 1019 apice
745 973 788 1005 et
820 961 1108 1005 connexione
1140 974 1184 1005 et
1208 977 1277 1003 ar-

98 1047 252 1091 ticulis
283 1061 326 1091 et
359 1061 494 1091 motu
518 1048 582 1090 ita
613 1049 809 1098 variant,
843 1062 897 1092 ut
930 1049 1102 1092 nullibi
1134 1049 1276 1093 abun-

97 1137 250 1179 dantia
283 1149 468 1179 naturae
499 1136 647 1195 magis
681 1136 927 1196 splendeat.
994 1139 1143 1195 Quare
1190 1137 1275 1180 nifi

95 1225 261 1284 religio
308 1226 360 1266 fit
403 1224 458 1267 de
500 1223 620 1267 alma
653 1238 799 1268 matre
830 1241 984 1268 rerum
1031 1226 1273 1285 indignius

95 1312 267 1372 aliquid
316 1313 642 1372 pronuntiare,
720 1314 771 1356 in
826 1313 899 1357 his
955 1331 1061 1374 prae
1112 1315 1272 1359 ceteris

94 1402 339 1445 luxuriaffe
385 1414 519 1461 atque
574 1401 717 1446 lufiffe
778 1414 989 1445 naturam
1050 1403 1269 1447 dicamus.

96 1494 254 1550 Itaque
288 1506 382 1534 non
412 1503 501 1538 est,
563 1490 689 1548 quod
720 1491 974 1538 miremur,
1043 1507 1149 1535 cum
1176 1493 1271 1551 pri-

95 1595 229 1622 mum
279 1591 464 1624 naturae
508 1591 779 1622 scrutatores
828 1580 994 1622 insecta
1043 1579 1271 1624 observas-

94 1669 210 1716 sent,
291 1667 401 1710 haec
457 1667 617 1725 capitis
668 1674 1270 1732 01·namenta,11equaquam

93 1756 176 1799 esse
215 1754 431 1815 neglecta.
494 1756 556 1798 At
590 1755 747 1798 eadem
789 1771 885 1799 non
914 1755 1024 1800 adeo
1054 1757 1270 1801 omnium

91 1844 384 1904 praecipuam
438 1859 595 1886 curam
641 1856 685 1888 et
735 1845 1039 1888 attentionem
1086 1858 1270 1905 experta

94 1935 220 1982 sunt,
284 1933 554 1992 priusquam
590 1933 823 1976 Linnaeus
855 1932 933 1975 ille
969 1935 1168 1993 RIagnus
1196 1934 1266 1976 in-

91 2023 317 2064 sectorum
351 2030 514 2080 'genera
546 2034 848 2065 antennarum
880 2020 1169 2080 potiffimum
1189 2037 1268 2064 va-

90 2110 248 2153 rietate
298 2109 640 2152 determinanda
680 2109 889 2158 doceret,
944 2108 1059 2170 quin
1099 2109 1266 2153 iisdem

92 2199 258 2240 insecta
301 2198 395 2256 ipsa
446 2197 687 2240 certissime
736 2196 920 2241 definiri
963 2210 1007 2240 et
1061 2197 1116 2241 ab
1164 2198 1266 2241 aliis

92 2285 364 2328 animalium
398 2284 628 2335 claffibus,
694 2298 745 2329 ut
786 2304 810 2329 a
837 2287 1083 2332 Vermium
1121 2285 1263 2336 tribu,

93 2373 313 2433 distingui
344 2387 536 2433 putaret.
599 2374 728 2419 Idem
761 2374 881 2417 hisce
915 2375 1114 2434 organis,
1151 2391 1265 2435 quae

92 2463 373 2523 antiquiores
407 2462 550 2507 modo
580 2479 780 2514 cornua,
844 2463 988 2508 modo
1024 2463 1262 2513 tentacula,
