1615 2997
435 255 923 296 ANTENNARUM.
1206 265 1261 306 51

96 388 191 416 non
234 371 317 414 nifi
371 369 537 429 septem
599 366 882 415 articulatam
944 366 1148 410 maribus
1196 368 1265 410 ni-

96 461 354 504 hilominus
395 457 611 501 undecim
660 455 843 499 articuli
880 456 1108 505 eminent;
1174 457 1266 515 spa-

97 549 239 592 dones
286 546 554 606 fuperbiunt
589 560 684 587 non
727 544 1002 587 minoribus.
1065 546 1127 586 Et
1166 545 1268 588 sunt

98 636 208 679 aliae
254 635 400 694 magis
440 635 653 677 diversae.
744 633 792 676 Si
843 633 944 692 quis
990 633 1269 677 Cerocomae

101 724 231 780 (vid.
267 724 491 781 Geoffroy
525 735 568 765 et
599 721 759 779 Fabr.)
801 723 938 765 maris
967 735 1180 766 antennas
1214 739 1270 765 ex

98 812 301 856 articulis
342 811 520 872 aliquot
569 810 955 869 cymbiformibns
989 813 1078 854 fine
1113 811 1271 871 regula

101 903 371 960 compositas
403 917 508 943 cum
541 898 735 943 feminae
768 899 1049 959 fimplicibus
1082 901 1271 943 monili-

99 989 328 1034 formibus
363 989 711 1048 comparaverit,
746 1005 840 1031 non
872 987 926 1030 ad
959 989 1145 1031 eandem
1180 990 1272 1048 spe-

100 1078 216 1120 ciem
248 1077 498 1137 pertinere,
529 1077 614 1120 vix
640 1077 842 1132 ejusdem
878 1078 1054 1135 generis
1090 1078 1173 1119 effe
1202 1079 1272 1134 ju-

102 1165 286 1209 dicabit.
363 1168 425 1210 At
465 1164 700 1209 Elaterum
741 1164 936 1207 feminae
975 1181 1070 1208 non
1116 1166 1272 1210 minus

100 1252 340 1298 filiformes
383 1265 560 1295 tantum
605 1252 775 1296 habent
822 1269 927 1295 cum
976 1253 1106 1296 alteri
1152 1255 1276 1297 sexui

103 1344 288 1385 ferratae
320 1343 421 1384 sunt
453 1341 662 1385 tributae.
739 1343 850 1385 Non
882 1342 965 1391 est,
1032 1343 1155 1402 quod
1183 1344 1276 1387 Pti-

102 1447 219 1473 num
266 1431 627 1489 pectinicornem
676 1442 720 1472 et
760 1430 934 1488 reliqua
960 1431 1124 1473 infecta
1158 1433 1276 1488 ejus-

106 1519 210 1562 dem
250 1518 566 1579 appellationis
612 1535 724 1578 quae
769 1535 862 1561 non
896 1520 977 1560 nili
1005 1536 1151 1564 mares
1186 1521 1277 1581 spe-

107 1621 209 1657 ctat,
239 1607 549 1656 nominemus,
579 1624 685 1650 cum
719 1623 876 1651 omnes
905 1609 1057 1657 sciant,
1111 1622 1279 1668 quanta

104 1697 157 1738 fit
203 1695 329 1755 quod
369 1696 425 1738 ad
469 1709 684 1739 antennas
716 1696 923 1755 plurium
952 1696 1278 1740 Phalaenanlm

108 1784 356 1827 diverfitas.
440 1784 645 1842 Quarum
690 1798 906 1827 antennae
934 1785 1158 1845 simplices
1195 1785 1281 1828 fili-

108 1872 278 1916 formes
306 1890 330 1915 a
360 1871 564 1917 maribus
597 1873 662 1915 ita
692 1874 987 1933 superantur,
1024 1887 1075 1917 ut
1111 1874 1164 1917 hi
1196 1875 1281 1918 ele·

109 1960 381 2021 gantiffimis
425 1961 711 2021 singulorum
758 1962 1058 2006 articulorum
1107 1947 1283 2022 proces·

112 2050 230 2093 sibus
265 2060 479 2093 antennas
512 2061 684 2109 gerant,
721 2050 775 2093 ab
810 2063 1007 2111 utroque
1039 2050 1176 2094 latere
1206 2069 1283 2111 pe-

113 2138 301 2181 ctinatas
333 2138 380 2180 in
409 2136 654 2183 Phalaenae
681 2139 877 2183 Atlantis
911 2140 1055 2198 capite
1087 2155 1192 2200 prae
1216 2156 1284 2183 ce-

112 2226 220 2269 teris
265 2226 475 2286 insignes.
547 2227 724 2273 Verum
765 2243 924 2272 omnes
968 2241 1186 2272 antennae
1218 2245 1286 2272 ce-

115 2314 259 2364 dunt,
319 2316 351 2356 fi
388 2331 495 2358 cum
529 2316 803 2376 Tipularum
842 2317 1049 2376 plurium
1082 2331 1125 2360 et
1158 2317 1286 2361 Culi-

118 2419 226 2446 CUm
273 2416 609 2463 comparantur.
674 2407 796 2450 Nan]
845 2421 1123 2466 qllal‘nquam
1151 2405 1285 2448 felni-
