1615 2997
277 265 338 317 24
715 258 1010 301 FABch

276 375 349 418 nis
391 373 681 434 conspicitur.
735 375 797 418 At
826 391 939 418 vero
974 373 1127 418 nullos
1160 374 1323 435 apices,
1360 388 1452 433 quo

276 463 462 505 tandem
494 442 636 506 modo
669 462 744 505 illi
774 463 1021 506 constructi
1051 475 1200 512 erant,
1260 461 1455 522 diligen-

277 550 443 594 tiffima
468 551 726 610 quaestione
745 551 957 595 invenire
983 552 1238 612 potuimus,
1275 551 1358 611 qui
1385 563 1455 594 tu-

275 639 442 682 bulum
483 652 561 681 aut
598 638 777 682 faucem
809 641 1018 699 perviam
1053 656 1161 700 prae
1195 641 1236 682 se
1269 639 1453 682 ferrent.

279 729 576 786 Quamquam
620 727 670 770 in
699 728 827 771 vivis
857 729 1038 772 insectis
1073 729 1219 789 apices
1251 728 1455 773 vitarent

275 815 405 859 illico
438 816 739 858 instrumenta
769 817 913 860 modo
948 816 1158 866 admota,
1187 818 1220 859 fi
1251 817 1302 859 in
1329 832 1455 860 rnor-

275 904 367 946 tuis
396 905 808 963 perscrutaremur,
857 918 934 948 aut
964 918 1243 950 tentaremus
1274 921 1371 948 non
1401 904 1459 947 li-

275 990 443 1036 beros:
503 992 659 1036 nullus
692 993 764 1037 ibi
792 993 973 1044 hiatus,
1030 1011 1088 1038 ne
1122 993 1457 1052 cuticula‘qui-

277 1080 383 1123 dem
428 1081 756 1140 perforabilior
801 1084 1026 1142 apparuit.
1101 1085 1226 1141 Quae
1268 1081 1458 1142 quidem

276 1169 559 1227 disquisitio,
595 1169 705 1212 licet
742 1169 1052 1221 subtiliffima,
1094 1187 1191 1215 non
1225 1170 1336 1214 adeo
1370 1168 1458 1212 dif-

276 1255 411 1300 ficilis
442 1270 560 1306 erat,
605 1275 743 1317 quam
776 1258 851 1302 illi
882 1259 1156 1319 opinentur,
1219 1259 1301 1318 qui
1328 1257 1460 1318 queri

275 1345 468 1394 soleant,
502 1362 597 1389 non
630 1347 715 1388 nisi
742 1363 912 1407 magno
940 1348 1355 1390 instrumentorum
1383 1364 1459 1406 ap-

274 1446 462 1493 paratu,
514 1435 781 1492 sumptuoso
815 1434 1112 1495 plerumque,
1149 1435 1460 1495 experimenta

274 1521 399 1581 posse
429 1522 609 1565 institui
640 1522 894 1567 subtiliora.
957 1524 1081 1568 Nam
1110 1539 1218 1566 cum
1250 1522 1461 1568 foramen

274 1609 326 1652 in
358 1609 510 1669 apice,
563 1611 595 1651 fi
626 1610 803 1660 ullum,
866 1625 985 1656 certe
1014 1628 1112 1656 non
1142 1609 1368 1671 magnum
1398 1613 1459 1656 es-

275 1699 362 1748 set,
396 1697 556 1741 oculos
589 1698 777 1748 ludens,
826 1716 910 1742 acu
936 1699 1124 1759 vulgari
1150 1699 1348 1742 minime
1382 1699 1458 1743 de·

275 1787 371 1846 tegi
408 1799 601 1846 poterat.
666 1788 981 1847 Quapropter,
1037 1787 1220 1831 tentatis
1253 1803 1365 1848 quae
1396 1790 1459 1835 sa-

277 1874 481 1918 tisfacere
515 1891 611 1919 non
643 1875 845 1935 possent,
893 1877 1136 1936 vesparum
1169 1875 1351 1920 aculeus
1381 1893 1457 1920 ex-

276 1976 473 2013 tractus,
523 1963 721 2023 parvulo
749 1963 995 2008 manubrio
1026 1965 1295 2023 impositus,
1330 1980 1459 2024 prae·

275 2051 380 2095 buit
412 2051 651 2111 specillum
686 2052 791 2095 satis
826 2051 1017 2101 subtile,
1071 2068 1165 2112 quo
1201 2053 1459 2097 minimum

275 2155 445 2184 ‘cavum
475 2139 707 2200 explorari
731 2140 901 2201 poffet,
947 2140 1142 2201 satisque
1173 2140 1359 2201 fragile,
1403 2153 1460 2185 ut

276 2244 373 2272 non
425 2228 727 2272 terebraretur
776 2229 997 2273 foramen.
1082 2232 1182 2272 Iam
1226 2229 1315 2274 tale
1354 2246 1458 2274 acu-

276 2332 411 2368 men,
465 2330 875 2381 quantumounque
905 2318 990 2364 illo
1028 2331 1330 2364 antennarum
1362 2318 1458 2379 api-
