1615 2997
419 228 910 272 ANTENNARUM.
1191 238 1249 290 47

73 348 166 391 Eos
197 345 403 389 antennis
432 345 617 389 orbatos
651 345 858 404 gramine
891 358 935 388 et
962 345 1070 405 pyri
1087 344 1250 389 frustu-

72 436 131 479 lis
177 435 391 478 aluimus.
478 433 579 477 Post
628 432 850 482 biduum,
920 450 1026 476 cum
1078 435 1251 478 vulnus

76 524 400 572 consenuisset,
431 522 544 565 bene
576 522 687 581 pasti
724 536 836 566 noto
871 523 1059 566 stridore
1087 522 1251 566 foemi-

75 629 154 656 nas
193 629 352 656 vocare
388 624 432 654 et
459 612 500 653 se
533 611 737 654 invicem
775 623 909 653 cantu
940 612 1142 670 superare
1164 612 1254 654 stu·

77 701 288 745 (luerunt.
350 702 412 743 At
452 715 564 743 vero
597 700 783 742 fimulac
809 700 962 743 decem
987 700 1161 759 passus,
1209 713 1254 743 et

75 790 200 849 quod
237 789 437 838 excedit,
473 788 670 831 absentes
704 789 852 832 subito
882 805 1070 833 rumore
1099 788 1254 833 turba-

74 893 255 928 remus,
288 894 447 922 onmes
476 877 611 920 fimul
643 890 891 926 tacuerunt,
927 891 978 920 ut
1012 890 1136 920 extra
1170 878 1253 921 du-

76 967 146 1010 bii
188 966 331 1009 aleam
377 979 617 1026 ponerent,
686 967 893 1009 antennis
936 967 1163 1011 mutilatis
1195 983 1254 1010 ne

78 1053 366 1098 hebetiorem
401 1055 587 1113 quidem
621 1053 721 1097 fieri
755 1056 980 1099 auditum.

138 1144 321 1187 Cadunt
366 1145 520 1202 itaque
571 1143 754 1192 omnia,
823 1160 936 1204 quae
987 1145 1254 1204 nuperrime

75 1232 268 1292 repetita
303 1232 386 1275 esse
434 1232 727 1282 audivimus,
797 1232 923 1293 poffe
973 1232 1254 1277 tremoribus

78 1321 254 1364 sonoris
300 1334 515 1364 antennas
556 1321 752 1370 irritari,
812 1320 938 1381 poffe
967 1321 1255 1365 membranas

80 1410 369 1459 tenerrimas,
412 1408 604 1469 quibus,
655 1423 707 1452 ut
741 1423 1039 1459 moveantur,
1099 1423 1254 1453 anten-

79 1514 242 1540 narum
276 1498 456 1541 articuli
488 1499 861 1557 conjunguntur,
931 1499 1045 1542 sonu
1077 1511 1255 1543 contre-

79 1587 295 1635 mescere,
352 1585 480 1647 poffe
523 1600 823 1629 antennarum
866 1603 1033 1631 nervos
1079 1587 1134 1630 ad
1184 1603 1256 1631 eas

78 1674 366 1719 membranas
426 1675 646 1735 progredi
718 1677 972 1736 sonumque
1031 1677 1254 1737 excipere.

78 1765 201 1808 Nam
234 1781 257 1806 a
283 1763 405 1824 poffe
439 1764 491 1807 ad
523 1765 606 1807 effe
639 1781 734 1808 non
765 1764 888 1808 valet
921 1765 1256 1825 consequentia.

80 1853 272 1896 Detecta
307 1854 410 1896 stmt
435 1854 486 1895 in
519 1854 706 1897 Cancris
738 1853 824 1896 alia
851 1854 1032 1898 auditus
1067 1871 1252 1915 organa,

79 1939 190 1985 haec
228 1943 262 1982 fi
294 1942 456 1984 [onum
502 1943 708 2002 excipere
748 1941 979 1992 inferum,
1040 1957 1254 1988 antennas

78 2029 220 2089 longe
249 2030 381 2072 aliter
406 2029 622 2074 formatas
655 2033 866 2091 superum
899 2048 1054 2092 capere
1086 2032 1254 2082 dicant,

82 2118 298 2178 equidem
339 2120 510 2169 nescio,
581 2119 693 2179 quid
729 2137 885 2163 rerum
927 2134 1020 2164 tam
1059 2121 1257 2165 credulis

83 2207 227 2264 objici
256 2208 406 2268 poffit.
483 2210 658 2255 Vereor
691 2222 868 2259 tamen,
935 2227 991 2253 ne
1024 2209 1160 2254 talem
1193 2211 1257 2252 le·

85 2311 191 2355 gem
223 2297 454 2357 sequentes
487 2314 569 2358 per
608 2298 757 2343 classes
801 2299 1074 2344 animalium
1106 2299 1253 2344 multa
