1615 2997
404 251 891 296 ANTENNARUM.
1160 259 1214 304 17

44 371 262 414 varietate
301 384 460 412 omnes
501 366 594 409 fere
626 364 938 409 observatores
975 363 1218 424 stupescere

47 457 173 502 soliti
214 458 312 499 fint.
376 454 612 502 Nolumus
653 470 737 497 nec
779 453 952 497 horum
991 468 1074 496 nec
1112 451 1219 496 illo-

44 563 150 589 rum
194 545 396 603 vestigiis
444 543 652 590 infistere.
728 545 988 601 Inexpertes
1031 540 1221 601 quidem

45 633 326 677 delectantur
356 631 520 676 formis
552 631 795 674 sexcenties
827 630 1044 678 variatis,
1108 629 1222 673 tiro-

45 738 124 765 nes
166 722 346 782 stupent
392 720 670 764 diverfitates
719 721 808 763 fine
836 733 1031 762 numero
1063 718 1223 762 multi-

44 810 262 871 plicata83
294 822 338 852 at
369 825 498 853 mens
526 808 753 858 humana,
806 809 893 850 fine
927 807 1111 850 tramite
1142 822 1224 851 va-

47 911 175 959 gata,
240 897 491 942 formulam
535 897 781 945 defiderat,
849 912 988 956 quam
1032 896 1083 939 in
1116 911 1224 940 con-

48 986 312 1046 templando
344 987 469 1044 sequi
500 984 660 1045 possit,
721 1001 870 1044 neque
900 996 1061 1027 natura
1093 983 1222 1033 deest,

49 1075 164 1134 quin
216 1073 505 1133 simplicitate
551 1086 595 1116 et
642 1073 804 1117 ordine
847 1071 1020 1115 rationi
1063 1071 1226 1116 huma-

48 1177 132 1207 nae
162 1160 414 1206 satisfaciat.

113 1249 389 1310 Quicunque
422 1251 476 1292 fit
505 1262 807 1294 antennarum
834 1249 883 1293 in
915 1250 1095 1293 insectis
1122 1250 1226 1293 usus

49 1340 338 1399 propofitus,
407 1355 431 1382 a
475 1351 634 1382 natura
665 1339 964 1383 constitutum
995 1351 1111 1388 erat,
1175 1349 1229 1381 ut

50 1426 434 1488 protenderentur
498 1440 542 1470 et
599 1428 962 1487 quaquaversum
1010 1425 1229 1470 facillime

51 1527 366 1565 xxm-terentum
429 1518 521 1558 iam
566 1514 656 1558 hoc
701 1531 793 1574 quo
839 1515 930 1559 alio
970 1515 1114 1559 modo
1147 1531 1230 1574 po-

53 1603 147 1646 tuit
192 1603 418 1652 obtineri,
486 1619 624 1663 quam
666 1602 875 1662 plurium
909 1603 1230 1648 membrorum

56 1675 309 1750 eorumque
349 1691 658 1733 minimorum
698 1692 1043 1751 compositione.
1107 1694 1232 1736 Nam

54 1780 127 1823 uti
170 1780 294 1839 spina
334 1778 453 1822 dorfi
493 1778 711 1828 humani,
779 1779 1103 1823 mammalium
1147 1794 1228 1824 etc.

58 1884 171 1928 quae
200 1867 326 1910 idem
354 1866 446 1910 fere
474 1865 680 1911 officium
712 1867 1031 1912 vertebrarum
1065 1869 1231 1913 multa-

54 1971 160 1999 rum
189 1956 535 2000 continuatione
568 1968 770 2006 exercet,
813 1958 871 2000 fic
902 1957 1098 2018 simplici
1126 1959 1233 2001 arti-

58 2043 271 2087 culorum
308 2044 620 2088 cumulatione
660 2057 878 2089 antennae
910 2044 1150 2090 filiformes
1190 2059 1234 2090 et

61 2132 248 2175 setaceae
285 2131 506 2175 formatae
559 2134 675 2177 sunt.
750 2136 987 2188 Numerus
1042 2135 1231 2194 quidem

63 2219 362 2263 articulorum
404 2221 460 2263 ad
498 2236 597 2264 rem
640 2237 804 2281 parum
842 2221 976 2272 facit;
1035 2224 1074 2267 is
1108 2224 1232 2267 enim

63 2323 119 2351 eo
151 2308 490 2354 constituendus
523 2322 640 2359 erat,
701 2323 860 2354 utrum
892 2310 1045 2371 longis
1079 2325 1231 2356 anten-

61 2397 134 2440 nis
167 2396 314 2457 iisque
342 2397 474 2443 valde
504 2397 758 2443 mobilibus
789 2400 1013 2444 utendum
1043 2401 1120 2450 fit,
1177 2418 1234 2445 an

1042 2503 1069 2532 2
