1615 2997
1197 177 1213 197 ἱ

451 209 520 251 M.
550 207 607 250 ·C.
643 208 696 251 G.
730 207 1013 252 LEHMANN.
1280 225 1313 270 9

145 325 267 374 1icet
298 324 453 383 felici,
492 325 630 372 vitae
669 323 812 371 cursu
848 324 983 372 haud
1007 326 1155 375 facile
1174 327 1312 376 abes-

148 421 197 469 se
234 402 429 481 solent,
481 422 607 468 varii
639 420 835 479 luctus,
888 422 1013 470 victi
1049 421 1164 470 sunt
1201 427 1312 473 Tua

148 520 303 566 animi
340 518 715 586 magnitudine,
778 530 828 566 et
863 519 938 578 ei,
978 537 1129 585 quam
1168 519 1315 588 saepe

146 617 201 665 in
252 619 328 664 Te
378 617 585 663 miratus
637 614 775 674 sum,
849 614 1097 665 cesserunt
1143 619 1317 685 aequi-

150 715 259 762 tati.
314 713 511 781 Quibus
545 712 875 780 singularibus
909 714 964 760 in
999 717 1074 763 Te
1113 714 1316 763 dotibus

151 810 387 859 effectum
429 809 523 869 est,
580 823 638 857 ut
671 809 841 858 senem
878 813 954 859 Te
988 826 1314 873 venerentur,

152 909 239 975 qui
297 908 434 957 vitae
480 911 621 957 Tuae
678 919 788 955 acta
842 907 926 955 vel
985 927 1048 957 ex
1110 909 1318 959 dimidia

147 1017 292 1071 'parte
346 1004 608 1063 censeant,
679 1007 917 1071 juvenem
970 1008 1046 1054 Te
1079 1006 1316 1067 salutent,

153 1102 239 1168 qui
277 1119 424 1169 agere
472 1120 606 1149 nunc
641 1104 716 1149 Te
754 1101 977 1150 videant.
1051 1104 1320 1173 Quaprop-

150 1211 229 1247 ter
276 1217 382 1249 non
432 1217 562 1249 vana
607 1200 811 1266 pietatis
845 1198 984 1266 speS,
1061 1201 1322 1269 animique

151 1296 264 1343 voti
302 1297 553 1362 compotis
596 1296 825 1363 superbia
873 1294 966 1356 est,
1030 1297 1067 1348 fi
1102 1316 1206 1349 non
1241 1298 1318 1346 ul·

152 1394 333 1439 timum
377 1397 451 1441 Te
489 1393 751 1442 solennem
791 1394 1010 1442 muneris
1037 1395 1156 1462 gesti
1184 1395 1317 1444 diem

153 1508 289 1538 nunc
337 1490 701 1539 celebraturum
740 1490 1014 1540 credamuS.
1103 1493 1320 1558 Jamjam

154 1600 391 1653 expectat
444 1591 520 1636 Te
571 1606 764 1641 novum
820 1586 1051 1637 ecclesiae
1109 1589 1320 1650 nostrae,

154 1684 296 1751 quod
330 1685 589 1745 imminet,
648 1684 895 1743 seculum;
974 1700 1209 1753 expectat
1245 1691 1322 1737 Te

150 1782 282 1829 intra
337 1782 541 1830 lustrum
582 1781 719 1844 dies,
792 1802 893 1851 quo
935 1785 1154 1850 primum
1197 1771 1319 1833 civi·

152 1878 247 1926 bus
299 1880 423 1927 Tuis
472 1881 526 1927 in
574 1880 782 1928 aedibus
838 1881 929 1929 Sti.
966 1883 1105 1930 Petri
1138 1882 1320 1949 proba·

154 1988 266 2035 tus,
329 1978 697 2044 quinquaginta
751 1996 909 2027 annos
956 1980 1159 2029 eundem
1207 1979 1321 2048 sug·

156 2072 343 2141 gestum
382 2073 603 2133 sacrum,
665 2075 778 2123 talis
812 2078 1023 2125 oratoris
1058 2076 1196 2125 haud
1234 2095 1320 2125 ex·

153 2183 388 2237 pertum,
452 2173 738 2230 ornaveris3
777 2173 1035 2240 exspectat
1070 2178 1177 2235 Te,
1236 2192 1323 2221 an·

152 2285 222 2316 no
261 2269 400 2317 vitae
435 2268 799 2337 septuagesimo
852 2273 1031 2339 quinto
1067 2275 1168 2320 iam
1208 2289 1321 2339 per·

158 2375 302 2426 acto,
363 2368 658 2418 centesimus
696 2368 802 2418 dies
837 2370 1035 2420 natalis.
1108 2370 1327 2419 Utinam'
