1615 2997
386 292 442 335 16
819 291 1127 334 FABR1cA

378 406 570 452 mollem
604 407 760 464 juncta
792 408 891 451 sint.
955 407 1126 466 Quodfi
1156 408 1206 451 in
1239 407 1457 453 omnibus
1483 409 1553 453 lo-

378 514 485 541 cum
512 497 676 546 habet,
720 496 870 540 multo
900 497 1047 557 magis
1079 498 1128 540 in
1162 498 1368 542 antennis
1400 499 1554 559 requi·

377 588 523 636 fitur,
560 599 612 629 ut
645 602 800 628 earum
833 585 1036 646 agilitas,
1085 589 1449 647 quaquaversum
1484 589 1552 631 di-

375 689 525 725 recta,
583 673 721 736 poffit
753 676 967 719 exerceri.
1030 675 1258 721 Adhaeret
1288 678 1442 736 itaque
1475 695 1551 721 an-

375 780 537 810 tennae
566 764 700 813 bafis,
730 777 783 807 ut
815 764 1063 808 directioni
1094 766 1282 809 cuilibet
1314 766 1435 808 nihil
1469 766 1550 810 ob-

374 857 480 906 stet,
513 854 735 899 cuticulae
763 853 898 897 molli
929 854 1164 914 laevique,
1200 855 1280 898 sub
1316 873 1403 915 qua
1429 856 1549 899 muf-

373 946 469 989 culi
510 945 678 992 latent,
743 943 827 1003 qui
880 957 1094 987 antennas
1148 945 1370 1004 dirigunt.
1459 945 1551 988 Cui

373 1035 563 1096 quidem
608 1034 709 1076 usui
745 1033 1090 1084 accommodata
1129 1032 1239 1076 haec
1267 1033 1463 1077 cuticula
1491 1034 1546 1077 ad

370 1124 555 1168 nullum
590 1123 732 1165 alium
767 1122 992 1181 pertinere
1020 1123 1233 1171 videtur,
1300 1140 1438 1182 quam
1468 1140 1544 1166 cu-

370 1215 459 1263 tis,
534 1230 624 1273 qua
686 1211 942 1254 Testudinis
999 1211 1134 1270 pedes
1179 1210 1342 1269 chelyo
1393 1212 1548 1255 adnati

368 1306 486 1347 sunt.
549 1303 701 1345 Docet
744 1300 836 1344 hoc
883 1301 1166 1360 comparatio
1197 1317 1303 1343 cum
1334 1301 1544 1345 insertio-

365 1410 424 1436 ne
464 1405 721 1435 ceterorum
765 1390 924 1432 insecti
960 1389 1306 1438 membrorum,
1373 1390 1543 1450 quippe

363 1498 482 1542 ⁴quae
523 1479 646 1522 haud
690 1478 775 1521 alia
819 1491 921 1521 cute
973 1478 1168 1521 mobilia
1218 1481 1346 1528 sunt,
1408 1479 1540 1523 docet

365 1571 457 1615 hoc
503 1568 761 1613 observatio
800 1580 954 1611 motus
998 1567 1162 1627 ipsius,
1234 1585 1328 1626 quo
1366 1569 1540 1628 semper

365 1675 584 1704 antennae
617 1658 870 1716 agitantum
906 1674 1012 1699 nam
1045 1656 1205 1700 eodem
1234 1657 1298 1699 ita
1325 1656 1434 1700 haec
1463 1675 1539 1701 cu-

364 1749 504 1793 ticula
554 1746 772 1807 plicatur,
833 1745 1121 1793 extenditur,
1188 1758 1534 1805 contorquetur,

363 1851 417 1881 ut
447 1836 617 1880 nullibi
641 1834 1037 1895 perceptionibus,
1105 1850 1399 1895 quaecunque
1426 1835 1533 1879 illae

363 1929 470 1976 sint,
503 1927 653 1983 majus
684 1923 1075 1983 impedimentum
1106 1922 1262 1968 obstet.

878 2103 918 2157 ᾖ.
964 2103 1011 2147 6.

487 2199 649 2244 Figura
677 2199 900 2233 Antennae
927 2195 1167 2241 simpliciter
1197 2193 1398 2240 extensae.

419 2288 517 2328 Iam
548 2301 600 2329 eo
635 2285 958 2344 pervenimus,
1019 2299 1111 2342 quo
1144 2282 1194 2325 in
1225 2281 1529 2326 describendis

359 2374 560 2418 diversae
606 2372 776 2432 figurae
819 2372 1041 2416 membris
1086 2385 1294 2415 auctores
1351 2372 1525 2415 mirum

357 2478 582 2523 quantum
645 2462 727 2506 fibi
788 2462 1067 2523 placuerint,
1156 2478 1248 2522 quo
1315 2461 1522 2504 miranda

1303 2550 1522 2593 varietate
