1615 2997
449 248 939 290 ANTENNAnvm-
1222 257 1282 302 55

110 363 296 424 accepit,
331 378 413 406 nec
445 360 784 404 moniliformes
814 374 857 402 et
887 358 1141 409 filisormes,
1181 362 1282 420 qui-

109 452 194 496 bus
228 452 440 512 pleraque
472 450 637 491 insecta
672 449 887 508 aquatilia
917 448 1143 507 gaudent,
1208 449 1280 492 in·

109 553 177 582 tei·
225 539 445 583 terrestria
495 537 651 580 minus
702 537 916 596 vulgares
958 537 1085 585 sunt3
1149 550 1283 597 atque

109 644 225 687 quos
269 627 538 670 detexerunt
581 627 738 685 Nepae
782 637 825 668 et
866 627 1152 669 Notonectae
1185 641 1283 684 per-

106 731 275 774 parvos
334 717 600 759 scrutatores
668 730 831 773 aquae,
910 713 967 755 iis
1012 713 1284 772 respondent

106 805 241 848 Acari
286 817 328 846 et
370 804 564 852 Pulicis,
630 803 711 862 qui
755 818 918 861 aquam
959 818 1015 843 ne
1049 803 1284 861 attingunt

107 893 323 951 quidem3
357 909 504 951 neque
538 891 684 949 magis
717 889 1023 949 Phalangium
1059 903 1177 933 caret
1206 908 1282 933 an-

108 981 282 1029 tennis,
331 996 466 1039 quam
499 979 794 1023 Dae‘lonoculus.

269 1071 392 1111 Haec
430 1067 618 1127 quidem
666 1079 799 1126 atque
841 1066 914 1109 his
947 1067 1110 1109 fimilia
1142 1065 1281 1110 fufius

104 1155 195 1200 hoc
221 1155 325 1199 loco
359 1154 624 1215 pertractari
662 1154 858 1196 minime
898 1155 1191 1197 neceffarium
1224 1155 1286 1198 est

106 1244 206 1287 imo
251 1261 275 1286 a
320 1260 368 1287 re
415 1243 616 1286 alienum
658 1243 882 1286 videatur.
947 1243 1062 1285 Satis
1107 1244 1165 1285 est
1208 1259 1283 1288 eo-

105 1347 213 1374 rum
245 1332 526 1381 meminisse,
563 1349 618 1374 ne
652 1331 859 1374 antennis
895 1330 1200 1390 disquirendis
1231 1333 1283 1375 in

107 1432 291 1463 externa
320 1421 460 1480 specie
492 1436 647 1463 earum
675 1432 884 1462 naturam
918 1434 1161 1478 ponamus.
1197 1422 1283 1463 Re·

107 1508 247 1557 stant,
297 1525 410 1569 quae
440 1509 495 1551 de
526 1508 718 1552 internis
748 1519 857 1551 nota
884 1508 999 1552 funt.

613 1685 654 1738 ὦ.
704 1695 775 1738 15.

442 1778 666 1812 Anatomes
697 1774 939 1817 difficultas.

170 1865 265 1922 Qui
303 1864 532 1906 internam
577 1878 859 1924 organorum
903 1860 1283 1921 compositionem

109 1952 336 2011 explicare
372 1952 563 2000 student,
597 1951 873 1999 anatomici,
902 1951 951 1992 in
985 1950 1175 2008 adytum
1205 1965 1283 1991 na·

109 2053 238 2083 turae
283 2053 545 2100 penetrant,
620 2055 674 2083 eo
716 2039 864 2097 magis
909 2036 1128 2086 celatum,
1189 2053 1282 2097 quo

111 2129 296 2171 tenuior
329 2141 462 2187 atque
492 2127 658 2170 exilior
687 2144 789 2187 pars
825 2127 905 2175 est,
943 2143 1079 2186 quam
1115 2125 1284 2185 disqui-

108 2217 265 2259 fitioui
310 2216 594 2273 subjecerint.
667 2218 876 2275 Augetur
926 2213 1191 2263 difficultas,
1251 2214 1285 2255 fi

111 2304 166 2347 ab
212 2304 404 2348 homine
445 2304 793 2364 majoribusque
837 2302 1112 2346 animalibus
1153 2302 1284 2345 inve-

112 2393 304 2453 stigandi
346 2394 548 2437 studium
585 2392 640 2436 ad
673 2393 855 2437 minora
892 2408 1082 2452 corpora
1108 2391 1284 2450 proces-
