1615 2997
352 222 422 265 M.
457 222 509 264 C.
545 222 599 264 G.
642 221 923 265 LEHMANN.
1189 231 1220 276 5

54 350 219 386 rantes
257 339 310 385 in
343 352 529 387 rectam
563 339 701 386 viam
740 337 920 405 dirigi,
987 354 1087 403 quo
1128 336 1218 385 du-

52 435 271 482 bitantes
321 436 536 494 firmari,
612 453 713 502 quo
761 434 1061 482 haesitantes
1095 434 1220 483 inci·

54 532 146 578 tari
185 532 451 598 possemus.
522 533 656 582 Nam
695 532 772 579 uti
809 533 1082 580 memoriae
1120 544 1218 579 tra-

55 627 217 676 ditum
254 629 349 688 est,
399 630 643 697 imagines
679 630 954 688 maiorum,
1002 647 1218 695 quorum

53 724 211 792 gioria
260 727 485 793 vigeret,
560 727 818 775 intuentes
868 726 928 773 ad
966 726 1221 792 praeclara

52 822 275 870 facinora
326 825 662 890 perpetranda
716 824 955 871 incitatos
1015 822 1111 871 effe
1144 827 1219 886 ju·

53 936 233 977 venes,
308 919 371 967 fic
419 922 651 986 profecto
701 920 882 968 melius
932 919 1218 968 consultum

50 1016 111 1062 iis
150 1014 244 1074 est,
317 1017 404 1081 qui
441 1030 611 1064 mutae
646 1018 909 1084 imaginis,
981 1016 1219 1064 eximiam

50 1113 289 1160 virtutem
328 1131 433 1161 non
466 1113 690 1181 saepiuS,
743 1131 893 1179 quam
926 1130 1105 1180 magna
1143 1114 1218 1160 vi-

51 1210 119 1256 tia
160 1209 385 1269 secutae,
443 1210 580 1258 haud
617 1210 907 1277 indigeant,
974 1209 1061 1257 sed
1097 1211 1218 1257 viva

52 1319 318 1372 parentum
375 1307 608 1373 exempla
644 1308 830 1355 imitari
866 1307 1067 1373 possint.
1142 1307 1219 1354 Ac

52 1403 177 1450 mihi
227 1403 431 1470 quidem
480 1404 623 1452 fleuit
669 1383 755 1451 ‘ista
805 1404 1048 1452 felicitate
1096 1405 1218 1462 fmi,

49 1512 107 1548 ut
142 1504 304 1548 Tuam
339 1502 610 1561 virtutem,
683 1500 1217 1568 Korthoitiorumque,

53 1616 180 1664 quos
219 1601 301 1645 Tu
334 1597 491 1646 fecisti
528 1616 696 1657 meos,
736 1598 947 1665 gloriam
987 1598 1220 1664 quotidie

51 1707 168 1743 ante
206 1695 379 1743 oculos
417 1695 668 1744 haberem.
745 1696 826 1743 Sic
860 1693 1127 1743 instructus
1166 1706 1218 1742 et

50 1793 122 1840 ita
157 1791 372 1840 donatus
399 1793 525 1858 petii
549 1805 783 1840 externas
805 1793 1052 1860 regiones.
1095 1791 1218 1839 Adii

54 1891 297 1956 optimam
336 1889 600 1937 Rhifarum
638 1889 837 1949 sedem,
910 1889 1086 1937 iisdem
1128 1889 1216 1937 ob·

51 1986 250 2035 secutus
287 1985 494 2046 studiis,
535 2005 664 2054 quae
703 1990 778 2035 Te
814 2005 990 2054 aeque,
1032 2005 1089 2033 ac
1127 2005 1216 2053 op-

52 2086 231 2131 timum
267 2096 491 2150 patrem,
531 2084 725 2144 aluere,
766 2096 823 2132 ut
857 2084 1067 2133 eandem
1101 2083 1215 2150 pos-

52 2179 154 2228 sem
191 2181 379 2228 imitari
414 2183 693 2241 rationem,
769 2200 868 2250 qua
909 2183 984 2230 Te
1020 2193 1215 2229 tantam

52 2276 311 2332 doctrinae
346 2279 547 2327 laudem
581 2279 882 2338 affecutum,
955 2292 1213 2327 tantorum

53 2375 347 2424 meritorum
405 2377 616 2445 gloriam
689 2377 928 2445 adeptum
983 2375 1081 2426 effe
1139 2377 1215 2424 vi-
