1615 2997
356 234 417 287 43
833 228 913 270 DE
959 242 1054 272 Usu

354 345 440 389 alia
466 343 693 389 foramina
726 357 911 394 eruant.
976 361 1089 406 quae
1122 345 1283 390 eodem
1319 335 1421 405 jure
1451 364 1528 393 au-

351 451 423 479 res
460 433 626 477 inferas
655 433 895 493 appellent.

415 523 540 582 Quid
583 522 765 565 tandem
811 523 896 573 est,
953 538 1059 566 cum
1102 523 1297 567 *audiant
1348 522 1527 575 infecta,

352 611 571 657 audiendi
614 609 856 670 organon?
920 613 1024 656 Hoc
1063 626 1139 655 me
1181 614 1349 657 nescire
1387 613 1527 674 profi-

352 714 472 750 tear:
539 712 584 743 at
636 699 725 743 scio
766 700 1003 743 internum
1044 701 1128 744 effe
1170 702 1352 746 auditus
1396 719 1528 764 orga-

350 807 493 839 num,
552 805 647 832 non
688 801 954 838 externum,
1024 789 1233 847 adjuvari
1258 791 1308 833 id
1340 801 1526 836 externo

349 883 400 924 in
433 879 646 941 plurimis
675 877 950 922 animalibus
981 891 1160 928 meatu,
1213 893 1308 923 non
1339 882 1530 924 necess'a-

350 971 421 1014 rio
457 981 577 1012 certe
609 990 670 1001 ———
721 983 828 1010 cum
874 983 968 1011 non
1014 967 1064 1010 in
1092 964 1310 1012 omnibus
1342 970 1527 1014 audien·

351 1059 475 1102 tibus
524 1073 652 1101 aures
694 1067 917 1100 cisternae.
982 1057 1204 1116 Proposui
1246 1058 1399 1117 itaque
1449 1072 1527 1102 aut

350 1147 589 1192 cerebrum
636 1158 714 1187 aut
750 1144 924 1188 cerebri
964 1158 1140 1205 partem
1199 1146 1254 1188 ad
1304 1157 1526 1192 tremores

348 1239 537 1281 sonoros
581 1234 925 1295 percipiendos,
984 1234 1117 1278 utin
1151 1231 1373 1294 piscibus,
1438 1233 1532 1280 fine<

347 1326 530 1369 auditus
581 1334 736 1366 meatu
792 1335 964 1383 aperto.
1045 1324 1284 1384 Quomodo
1338 1323 1387 1367 id
1433 1323 1527 1375 fiat,

348 1416 600 1476 quaesitum
633 1412 693 1455 est
717 1436 779 1446 -—-
822 1412 1036 1472 equidem
1073 1413 1269 1472 ignoro,
1332 1425 1377 1456 at
1408 1415 1526 1458 novi

345 1505 396 1548 id
430 1503 544 1548 fieri.
617 1503 813 1550 Tactus,
877 1502 1055 1562 gustus,
1117 1501 1309 1545 olfactus
1354 1516 1524 1563 organa

346 1593 497 1637 facilia
526 1593 628 1635 sunt
659 1591 901 1652 explicatu,
937 1607 1020 1634 nec
1043 1588 1167 1634 visus
1200 1590 1309 1634 latet
1337 1600 1407 1636 tot
1438 1593 1525 1636 stu-

347 1683 437 1727 diis
470 1682 732 1728 detectum,
801 1693 846 1722 at
889 1679 1070 1723 auditus
1112 1680 1322 1724 doctrina
1357 1680 1526 1725 hucus-

347 1787 435 1832 que
463 1769 615 1813 multo
652 1768 891 1812 obscurior
924 1769 1006 1817 est,
1043 1785 1182 1828 quam
1211 1765 1374 1829 optice.
1429 1769 1525 1813 Sci·

345 1877 477 1909 mus,
524 1861 687 1902 sonum
721 1873 802 1917 per
828 1864 976 1900 ac'rem
1008 1857 1226 1917 produci,
1286 1871 1330 1901 at
1358 1855 1523 1903 scimus

346 1950 511 1997 etiam,
563 1947 646 1990 ess'e
679 1946 792 1989 alios
821 1946 922 1989 soni
954 1945 1166 1989 ductores
1199 1958 1368 2007 eosque
1403 1949 1525 2008 opti-

346 2055 476 2087 mos,
541 2036 827 2095 eundemque
854 2034 1056 2078 maxime
1089 2036 1279 2096 perduci
1310 2052 1392 2096 per
1423 2050 1525 2082 cor-

344 2143 458 2188 pora
489 2125 747 2174 durissima,
783 2124 1002 2168 baciHum
1035 2124 1269 2184 ligneum,
1301 2126 1404 2176 offa,
1441 2138 1526 2172 cet.

347 2217 547 2261 Aurium
587 2215 814 2258 foramina
856 2216 888 2256 fi
921 2214 1318 2264 obturaverimus,
1384 2214 1526 2259 horo·

348 2305 467 2366 logii
501 2304 738 2349 tinnulum
770 2305 934 2348 sonum
967 2303 1122 2347 audire
1146 2319 1242 2348 non
1267 2304 1521 2365 possumus,

1352 2390 1522 2437 etiamst
