1615 2997
300 253 359 300 52
474 276 478 278 Ἴ
738 242 1039 286 FABch

301 376 385 405 nae
423 358 663 405 filiformes
708 359 995 419 protendunt
1036 374 1134 404 non
1159 361 1245 405 nifi
1275 361 1484 424 parviffi·

301 451 393 494 mis
423 449 703 511 quibusdam
721 449 822 493 setis
848 448 1113 493 instructas:
1148 451 1351 495 marium
1373 469 1484 497 con-

301 552 373 584 tra
414 552 550 600 caput
578 550 809 583 'ornatum
858 539 919 582 est
960 552 1154 583 antenna
1200 557 1224 584 e
1263 540 1483 602 plurimis

303 628 509 672 articulis
542 628 783 671 constante.
850 630 1065 688 Quorum
1102 629 1291 690 lingulis
1324 630 1484 675 inhae-

300 731 372 761 ret
397 717 681 767 secundaria,
717 729 771 760 ut
801 717 867 760 ita
897 717 1079 768 dicam,
1115 719 1360 763 antennula
1386 736 1485 764 non

300 808 458 851 minus
493 806 698 851 articulis
731 808 981 868 composita
1013 808 1206 868 setisque
1240 822 1483 859 coronata3

301 897 392 946 ita,
448 909 502 940 ut
532 896 657 940 haud
682 895 813 940 facile
846 896 1073 946 dixerim,
1116 914 1173 941 an
1205 899 1258 941 fit
1290 897 1482 958 aliquid,

302 986 431 1047 quod
462 1002 544 1047 per
586 985 757 1029 lentem
789 986 988 1030 vitream
1030 986 1366 1048 contemplanti
1396 987 1484 1032 ele-

301 1076 487 1137 gantius
521 1088 732 1135 appareat
763 1077 820 1131 *).

360 1168 436 1208 Ex
471 1165 555 1214 iis,
622 1181 735 1224 quae
777 1164 832 1207 de
873 1165 1077 1207 marium
1121 1166 1331 1210 antennis
1365 1166 1485 1210 dixi-

300 1271 436 1305 mus,
493 1254 543 1298 in
577 1254 845 1298 universum
878 1253 1162 1312 majoribus,
1211 1254 1363 1299 multo
1399 1255 1485 1299 ele-

301 1344 592 1406 gantioribus
625 1344 675 1386 in
704 1342 1011 1403 quibusdam,
1045 1343 1249 1403 sequitur
1278 1344 1485 1389 maribus

1325 1449 1383 1477 an
1389 1446 1483 1477 ten-

302 1600 1486 1617 w—ffl——wss———d

351 1724 392 1774 *)
434 1724 689 1772 Impedimur
733 1734 823 1770 quo
874 1723 1015 1758 minus
1065 1723 1210 1757 tabula
1250 1733 1373 1758 aenea
1417 1723 1485 1758 ad·

467 1798 724 1842 jungamus,
782 1803 886 1838 quas
918 1800 1121 1827 antennas
1167 1791 1395 1828 observatu
1425 1792 1487 1827 di·

472 1866 640 1912 gniorcs
685 1863 934 1909 collegimus
987 1870 1113 1908 atque
1162 1861 1361 1908 elegimus
1405 1861 1483 1898 sub

469 1936 581 1971 Ieme
641 1933 785 1980 pictas.
885 1932 1052 1967 Adeant
1108 1931 1252 1978 itaque
1311 1929 1486 1966 studiofi

470 2003 788 2044 Rcaumurium,
801 2002 1052 2044 Rode-num,
1069 2003 1304 2044 Sulzerum,
1320 2000 1487 2037 Schaef-

469 2072 623 2117 ferum,
642 2072 864 2115 Basterum,
885 2070 1089 2119 Geoffroy
1111 2080 1151 2108 et
1174 2071 1378 2118 reliquos,
1409 2071 1487 2118 qui

469 2145 638 2181 insectis
680 2142 898 2180 delineatis
940 2150 1141 2178 antennas
1183 2151 1326 2177 auctas
1368 2140 1486 2177 exhi-

470 2216 673 2251 buerunt.
731 2216 933 2250 lx'aturam
971 2212 1098 2258 ipsam
1135 2211 1484 2258 contemplaturis

470 2285 809 2321 commendamus
848 2294 975 2319 mares
1026 2282 1184 2319 Culicis
1215 2281 1413 2328 pipientis
1444 2290 1486 2317 et

470 2355 647 2401 Tipulae
704 2353 916 2401 phunosae
974 2364 1052 2389 nec
1108 2364 1198 2389 non
1256 2353 1486 2390 Phalaenae

472 2424 644 2471 disparis
676 2426 751 2461 rel.
