1615 2997
285 280 345 311 20
721 266 1024 309 FABnrcA

279 382 489 445 parvulis
537 381 674 443 pilis,
737 383 821 442 qui
865 382 915 425 in
944 382 1078 426 omni
1112 394 1307 438 antenna
1332 382 1464 426 inve·

282 476 502 518 niuntur:
571 472 732 514 adsunt
762 470 973 514 barbatae
1001 485 1044 514 et
1075 472 1301 520 ramosae,
1360 471 1463 530 qui—

283 562 370 607 bus
406 561 615 605 antennis
647 559 893 603 Phalaenae
919 560 1157 620 quaedam,
1189 559 1462 602 Tenthredi-

283 668 388 700 nes,
454 649 647 709 Tipulae
691 648 1044 692 admirationem
1085 659 1338 692 moverunt
1381 647 1462 691 ob·

282 742 593 787 servatorum,
659 753 821 782 eorum
867 752 974 797 prae
1018 737 1202 785 ceteris,
1269 737 1351 796 qui
1381 752 1463 796 per

281 829 453 873 lentem
501 828 701 872 vitream
747 843 816 870 eas
866 825 1165 869 intuebantur
1207 838 1251 868 et
1292 825 1462 885 quibus

281 916 547 978 phyfiologi
576 916 726 959 nescio
761 927 986 975 quantum
1017 915 1120 958 sunt
1153 914 1340 957 turbati.
1375 941 1383 947 «-

345 1006 532 1066 Saepius
576 1004 714 1048 etiam
747 1021 842 1047 non
877 1003 1034 1046 omnia
1066 1015 1285 1045 antennae
1315 1019 1463 1046 mem-

281 1095 364 1139 bra
409 1094 589 1137 easdem
622 1092 793 1135 habent
824 1091 1240 1152 protuberationes.
1307 1092 1355 1134 Si
1392 1091 1463 1134 ul·

283 1185 426 1228 timus
455 1181 674 1225 articulus
708 1181 867 1224 ceteris
903 1179 1085 1223 craffior
1110 1180 1193 1228 est,
1252 1180 1290 1223 is
1326 1197 1462 1224 voca-

282 1286 358 1316 tur
391 1272 519 1316 clava
550 1269 716 1318 solida,
749 1282 801 1311 ut
833 1269 882 1310 in
912 1269 1114 1318 Histere;
1148 1270 1180 1316 fi
1209 1268 1360 1328 plures
1395 1284 1464 1311 ar-

283 1361 420 1404 ticuli
463 1359 704 1402 crassitiem
752 1369 1064 1417 componunt,
1124 1370 1201 1399 aut
1248 1370 1462 1401 antennas

283 1449 433 1493 fiffiles
479 1446 759 1507 appellamus
814 1459 915 1495 aut,
981 1446 1013 1487 fi
1064 1445 1217 1489 clavae
1260 1445 1462 1489 formam

280 1539 552 1586 imitantur,
595 1536 773 1579 clavam
807 1534 1000 1578 fiffilem.
1063 1536 1125 1578 At
1150 1536 1181 1576 fi
1216 1547 1371 1577 tenues
1400 1533 1463 1577 la-

283 1628 436 1672 minae
478 1625 635 1669 medio
683 1624 877 1668 articulo
923 1623 1140 1672 infident,
1204 1635 1257 1665 ut
1286 1622 1462 1666 foliolis

280 1716 447 1760 ssmiles
488 1713 733 1758 videantur
773 1729 856 1756 acu
897 1713 1085 1772 pertufis
1120 1724 1164 1754 et
1195 1711 1244 1752 in
1277 1727 1324 1753 ea
1358 1711 1462 1754 hae·

283 1804 518 1849 rentibus:
555 1801 820 1862 perfoliatae
850 1800 1045 1843 audiunt
1072 1812 1315 1848 antennae,
1353 1816 1460 1858 qua-

283 1895 347 1938 les
376 1893 642 1952 conspicuae
675 1892 777 1934 sunt
809 1890 859 1932 in
893 1888 1077 1949 Silpha,
1115 1888 1308 1947 Dytisco
1343 1891 1461 1947 (Hy-

286 1982 503 2044 dropln'lo
537 1982 572 2025 F
575 1980 694 2037 abr.)
726 1978 808 2022 rel.

493 2259 661 2306 Figura,
730 2259 952 2293 Autennae
982 2255 1246 2302 irregulares.

345 2343 524 2383 Praeter
557 2355 627 2382 eas
655 2337 852 2386 formas,
920 2353 1028 2396 quas
1061 2336 1204 2379 modo
1235 2333 1458 2393 descripsi-

286 2446 390 2473 mus
419 2443 471 2487 etl
497 2445 606 2488 quas
632 2427 755 2470 haud
785 2426 958 2483 injuria
984 2425 1212 2485 regulares
1239 2422 1460 2484 appellare
