1615 2997
441 254 924 297 ANTENNARUM.
1208 266 1268 313 43

94 388 228 419 rum,
288 371 547 413 maximum
580 371 630 412 in
664 370 825 413 nostris
853 369 1122 427 regionibus
1153 371 1268 413 inse·

93 474 222 504 ctum
278 460 524 519 elegimus,
611 459 741 515 cujus
803 470 1017 500 antennas
1065 459 1269 501 examini

96 548 432 604 subjiceremus.
506 549 665 606 Itaque
709 547 759 588 in
804 546 899 602 ejus
949 558 1140 588 antenna
1169 562 1269 605 per-

96 637 255 696 quisita
288 637 447 679 unicus
477 648 656 678 tantum
684 633 925 694 apparebat
958 634 1190 677 musculus
1218 634 1269 677 in

95 738 310 768 antennas
343 737 610 784 penetrans,
641 737 683 766 et
703 755 715 772 ,
750 735 971 782 quantum
1007 722 1130 766 oculi
1163 739 1268 765 eum

93 814 302 873 persequi
336 825 612 872 potuerunt,
668 813 823 855 versus
857 812 1031 871 apicem
1066 810 1268 854 tendens.

96 905 140 944 Is
185 901 371 960 singulis
413 901 614 944 articulis
654 900 765 944 hinc
809 899 916 942 inde
961 899 1149 941 adnatns
1194 899 1268 948 est,

96 990 222 1050 qnod
250 991 298 1032 in
333 1003 458 1032 cocta
494 1002 685 1032 antenna
718 988 1020 1047 conspicitur,
1085 1003 1189 1031 curn
1220 988 1270 1029 in

94 1078 287 1120 recentis
336 1078 494 1120 insecti
540 1093 635 1120 non
678 1076 788 1119 adeo
819 1076 1058 1134 conspicua
1087 1091 1273 1134 compa-

96 1182 189 1226 ges.
267 1165 458 1225 Optime
501 1164 745 1207 videbatur
784 1163 865 1211 illa
914 1180 1019 1205 cum
1064 1162 1272 1221 plurium

96 1253 421 1297 mammalium
488 1253 694 1297 musculo
761 1264 951 1294 cutaneo
1015 1251 1272 1309 comparari

96 1341 234 1402 poffe.
299 1341 428 1384 Illius
472 1357 557 1400 ope
603 1340 768 1400 singuli
795 1339 955 1382 annqu
987 1356 1271 1397 quaquaver-

97 1430 196 1472 sum
230 1429 510 1488 diriguntur,
540 1442 593 1471 ut
623 1428 764 1485 hujus
799 1426 995 1488 singulae
1026 1427 1153 1486 Equi
1183 1427 1270 1489 pli-

103 1532 178 1560 cae
212 1529 591 1576 contorquentur.

161 1636 201 1684 1)
231 1637 261 1673 1.
292 1648 328 1673 c.
358 1648 400 1684 p.
433 1645 471 1680 5.
494 1645 532 1673 et
562 1638 605 1674 6.

613 1818 654 1873 §.
687 1827 756 1875 18.

102 1913 330 1956 Aperturae
356 1907 509 1946 Basteri
542 1910 590 1945 in
628 1913 790 1946 Cancro
833 1912 1045 1947 Gammaro
1085 1923 1176 1948 non
1206 1913 1271 1948 ad-

560 1979 808 2015 mittuntur.

160 2057 302 2102 Iobus
331 2058 504 2107 Baster,
579 2059 784 2103 strenuus
811 2059 888 2102 ille
922 2060 1042 2102 inter
1074 2063 1272 2103 Batavos

100 2146 389 2190 marinorum
417 2146 686 2206 indagator,
748 2163 907 2191 omnes
937 2160 1142 2192 externas
1173 2165 1274 2208 par-

103 2246 169 2277 tes
222 2234 387 2277 Cancri
439 2236 677 2278 Gammari
727 2236 970 2295 diligenter
1031 2237 1270 2296 descripsit,

103 2337 250 2380 neque
307 2319 510 2379 ejusdem
574 2324 733 2374 insecti
783 2337 996 2368 antennas
1054 2325 1270 2384 neglexit.

104 2411 313 2467 Quarum
355 2411 405 2454 in
451 2413 638 2474 fingulis
682 2412 873 2457 annellis
918 2413 1170 2472 majoribus
1205 2414 1272 2456 su-
