1615 2997
385 268 868 312 ΑΝΤΕΝΝΑΒΠΜ.
1148 276 1208 326 45

41 386 265 434 mensem,
329 396 373 427 et
416 384 541 443 quod
591 383 809 443 superest,
879 395 1045 426 tentata
1089 384 1208 434 effer,

44 476 162 520 corii
190 474 387 518 formam
418 472 568 514 laxam
601 484 644 514 et
675 485 876 514 tenacem
903 472 1106 523 imitata,
1149 474 1212 516 fa·

47 564 130 607 cile
174 562 423 621 comprimi
466 575 598 620 atque
643 577 667 603 a
704 560 843 621 pulpa
880 562 1095 605 interiori
1136 578 1212 606 eo-

46 653 148 696 dem
188 651 333 695 soluta
375 650 563 709 purgari
602 650 770 709 potuit.
848 652 951 707 Quo
984 650 1102 694 facto
1134 668 1213 695 va-

47 758 176 784 cuam
221 740 449 782 mercurio
489 739 605 782 vivo
655 737 983 797 implevimus,
1043 741 1214 801 quippe

47 831 128 890 qui
156 828 411 871 tenuiffima
443 826 670 870 foramina
697 840 929 888 penetrare
960 828 1083 872 solet.
1128 831 1215 873 Sed

48 920 111 967 is,
191 933 467 977 quamquam
525 914 659 959 valde
712 916 987 974 compreffus
1036 919 1215 962 exitum

48 1005 229 1049 nullum
272 1006 466 1049 invenit.
549 1004 693 1047 Aucta
750 1003 986 1062 pressionis
1027 1007 1078 1049 vi
1119 1023 1216 1050 non

49 1094 198 1138 valuit
229 1094 484 1136 mercurius
510 1105 677 1152 puncta
712 1092 880 1135 Basteri
912 1094 1107 1152 aperire,
1143 1096 1217 1137 sed

50 1198 141 1242 quo
189 1179 348 1224 annuli
389 1180 472 1223 fibi
513 1181 717 1222 invicem
747 1181 1074 1232 adhaerebant,
1142 1184 1216 1228 de-

48 1287 180 1315 mum
230 1270 429 1329 erupuit.
506 1269 684 1327 Quibus
731 1282 845 1329 puto
894 1272 1218 1330 experimentis

49 1359 195 1403 nullas
239 1359 322 1401 effe
372 1370 625 1418 aperturas,
695 1374 717 1399 e
751 1358 917 1416 quibus
947 1358 1020 1400 fila
1051 1377 1219 1404 nenrea

51 1447 192 1491 exseri
242 1447 432 1506 poffint,
501 1446 602 1488 fatis
649 1446 799 1488 videri
842 1447 1216 1493 demonstratum.

52 1537 216 1582 Nescio
246 1535 357 1595 quid
394 1535 562 1578 Basteri
594 1550 784 1577 acumen
816 1535 1025 1579 fefellerit
1059 1550 1219 1581 utrum

52 1626 139 1686 pili
172 1624 429 1684 deceperint
462 1641 517 1665 an
543 1623 817 1671 vermiculi,
853 1641 908 1665 an
942 1625 1120 1682 opticus
1148 1626 1219 1669 lu-

53 1716 138 1758 sus.
204 1713 487 1757 Postremum
517 1712 703 1772 quidem
738 1712 1046 1756 verisimilius.
1096 1716 1220 1758 Nam

55 1819 160 1847 cum
194 1815 290 1846 tota
319 1815 536 1850 antenna,
571 1801 800 1844 mercurio
831 1801 964 1844 valde
999 1805 1222 1864 compres-

56 1894 133 1942 so,
175 1891 522 1938 intumesceret,
587 1902 755 1950 puncta
791 1889 895 1937 illa,
952 1907 1063 1949 quae
1097 1908 1220 1951 aper-

56 1994 182 2024 turae
215 1979 394 2023 Bastero
438 1978 658 2027 audiunt,
723 1978 1044 2037 glandularum
1076 1980 1220 2024 modo

55 2067 328 2129 prostabant.
390 2066 586 2110 Eaedem
614 2066 816 2115 fortaffe,
852 2067 1000 2111 nescio
1030 2085 1121 2128 quo
1154 2086 1222 2111 ca-

58 2159 134 2206 su,
197 2158 248 2199 in
289 2173 403 2215 aqua
437 2155 730 2216 conspicuae,
790 2156 1046 2199 doctrinam
1078 2158 1223 2200 Baste-

59 2246 233 2288 rianam
276 2244 576 2289 adduxerunt.
641 2245 772 2288 Certe
813 2257 970 2288 auctor
999 2245 1091 2305 ipse
1127 2262 1225 2289 non

60 2335 144 2376 nifi
175 2333 308 2376 semel
351 2333 716 2378 observationem
748 2333 984 2376 instituiffe
1021 2333 1222 2377 videtur.

62 2424 185 2467 Nam
227 2438 339 2482 quae
366 2423 417 2465 in
458 2422 676 2483 Opuscul.
709 2422 1051 2467 subsecivorum
1083 2422 1226 2466 Tomi
