1615 2997
313 191 374 244 >24
734 216 737 219 -
791 188 871 233 DE
903 204 998 238 Usu

317 320 432 364 gana
477 318 692 350 antennas
741 305 1012 362 judicarent.
1091 307 1176 350 Sed
1230 307 1355 351 haud
1395 309 1502 360 scio,

319 411 376 440 au
407 394 499 439 ulla
533 395 622 439 fuit
669 396 816 440 sensus
858 396 1098 454 cujusdam
1141 414 1268 457 pars,
1324 398 1379 441 de
1412 414 1506 458 quo

318 484 384 529 ita
424 484 709 531 dissentirent
758 485 1008 529 doctorum
1053 486 1269 530 virorum
1317 487 1506 545 judicia,

322 591 460 633 quam
493 591 569 625 ea,
601 591 715 636 quae
749 576 789 621 se
821 575 1028 621 invicem
1057 575 1106 622 in
1133 578 1319 624 recensu
1352 577 1510 622 nostro

323 665 576 725 excipient.

786 826 912 894 Cap.
948 827 1054 876 III.

581 925 776 963 Olfactus
811 940 864 964 an
903 927 999 964 infit
1034 928 1262 964 antennis?

386 1020 459 1065 Ab
487 1021 658 1065 olfactu
697 1023 964 1073 ordiamur,
1034 1040 1172 1083 quem
1207 1023 1403 1083 plurimi
1436 1039 1514 1067 en-

326 1110 563 1170 tomologi
608 1112 663 1154 ad
709 1126 925 1156 antennas
967 1112 1185 1157 referunt.
1247 1115 1399 1172 Atque
1431 1113 1517 1156 hac

325 1201 375 1243 in
419 1217 467 1244 re
516 1202 581 1244 ita
627 1202 855 1266 disputare
901 1195 1098 1252 selonts
1130 1215 1183 1245 ut
1211 1203 1368 1262 primo
1401 1201 1519 1245 facta

327 1290 549 1350 quaedam
581 1291 840 1340 exhibeant,
874 1291 1043 1351 quibus
1075 1291 1166 1335 hoc
1195 1293 1320 1334 sensu
1350 1292 1518 1336 insema

327 1380 502 1443 pollere
556 1380 805 1440 probetur,
868 1381 1032 1424 deinde
1070 1398 1166 1425 non
1215 1381 1299 1424 effe
1349 1381 1515 1432 eidem,

327 1483 506 1531 praeter
537 1483 768 1518 antennas,
803 1486 1011 1529 organon
1043 1470 1192 1513 ullum
1221 1471 1515 1531 adscriptum,

330 1560 641 1606 demonstrare
685 1560 905 1602 studeant.
983 1562 1110 1619 Quae
1151 1560 1339 1620 quidem
1383 1577 1519 1621 argu-

328 1663 484 1695 menta
527 1651 583 1697 ad
623 1649 918 1710 probandum
959 1649 1084 1693 hunc
1121 1651 1295 1693 sensum
1338 1650 1522 1696 insectis

331 1741 613 1790 afferuntur,
675 1752 877 1804 repetere
922 1755 977 1782 eo
1019 1739 1175 1782 minus
1219 1739 1519 1782 neceffarinm

333 1831 589 1878 censemus,
657 1845 765 1875 cum
810 1828 934 1875 nihil
960 1827 1220 1871 addendum
1248 1829 1329 1878 fit,
1393 1828 1522 1888 quod

332 1920 382 1966 in
430 1918 823 1965 commentatione
877 1917 932 1964 de
984 1916 1180 1962 senfibus
1239 1919 1520 1962 insectorum

332 2027 378 2071 p.
410 2023 603 2064 ,off—³31.
650 2007 790 2053 fufius
837 2023 930 2051 nou
965 2008 1330 2055 tractaverimus.
1395 2010 1521 2053 Nam

334 2098 403 2147 ibi
442 2115 537 2145 non
575 2097 723 2145 solum
775 2097 1041 2147 statuimus,
1110 2098 1285 2157 semper
1333 2110 1521 2141 naturae

335 2186 593 2235 cultoribus
644 2200 813 2234 notum
840 2187 971 2234 fuisse
1002 2187 1130 2235 hunc
1184 2188 1387 2236 sensum,
1447 2185 1521 2229 sed

333 2278 472 2319 etiam
491 2309 503 2329 ,
567 2277 652 2326 effe
685 2294 791 2325 eum
823 2278 1004 2322 insectis
1035 2277 1091 2319 ad
1117 2277 1325 2341 ipsorum
1358 2276 1521 2320 susten-

337 2366 560 2409 tationem
600 2379 644 2410 et
690 2366 747 2413 ad
789 2365 959 2416 sobolis
1003 2381 1162 2412 curam
1204 2365 1519 2414 necessarium,
