1615 2997
336 233 393 280 18
823 221 901 264 DE
937 224 1038 265 Usu

331 352 442 384 runt
475 356 570 384 non
601 338 768 389 multi,
831 338 1146 383 observatores
1178 340 1421 399 praeterita
1453 356 1522 382 ae-

332 443 422 474 tate
439 429 594 490 plures
629 427 901 478 floruerunt,
934 427 1205 488 philosophi
1240 430 1374 472 omni
1408 445 1521 472 aevo

330 519 522 563 fuerunt
554 518 662 561 rari.
727 518 853 562 Hinc
880 530 924 560 et
955 518 1005 560 in
1029 518 1180 561 nostra
1208 533 1256 560 re
1291 519 1526 576 conjectu-

335 625 435 657 rae,
489 608 760 666 opiniones,
803 605 1187 652 hallucinationes
1216 607 1344 656 satis,
1391 624 1525 652 verae

334 696 665 757 disquifitionis
698 711 794 740 non
831 694 1051 741 multum.

803 960 932 1028 Cap.
972 961 1045 1010 II.

343 1062 602 1114 Opixiioiics,
656 1071 765 1108 quac
796 1060 959 1097 sensum
990 1071 1211 1098 externum
1250 1062 1299 1097 in
1334 1059 1526 1098 antennis

733 1131 852 1167 haud
883 1120 1129 1168 admittunt.

402 1242 474 1286 Ne
507 1239 641 1300 plane
673 1239 861 1284 inutiles
891 1240 1170 1284 declararent
1199 1257 1382 1300 organa,
1415 1257 1528 1301 quo-

340 1346 447 1373 rum
482 1331 614 1372 usum
646 1329 828 1372 nullum
858 1329 1072 1373 invenire
1105 1342 1380 1391 potuerunt,
1427 1330 1529 1391 pul-

340 1419 602 1463 chritudini
643 1435 693 1461 ea
741 1419 932 1478 quidam
978 1420 1320 1479 adscripserunt.
1385 1421 1529 1464 Audi·-

339 1522 503 1552 verant
539 1508 659 1552 forte
689 1507 904 1552 homines
933 1505 1159 1569 ingeniosi
1187 1510 1350 1552 tritum
1384 1509 1526 1552 illud:
1560 1500 1570 1502 -

343 1600 419 1642 cui
459 1599 588 1642 nasus
647 1611 913 1658 amputetur
964 1615 1072 1642 eum
1128 1597 1261 1641 faciei
1297 1600 1528 1643 venustate

338 1688 540 1749 spoliari.
609 1687 745 1745 Quod
770 1704 877 1731 curn
905 1687 960 1730 ad
993 1688 1160 1731 insecta
1192 1687 1436 1738 referrent,
1471 1705 1528 1731 ne

343 1776 597 1820 dimidium
632 1776 822 1836 quidem
856 1776 1104 1836 elegantiae
1137 1777 1424 1820 animalculis
1458 1779 1528 1820 su·

342 1866 652 1928 perfuturum,
690 1878 784 1907 tam
817 1866 1060 1925 conspicua
1095 1851 1255 1926 capitis
1288 1879 1415 1927 parte
1457 1883 1530 1910 or-

343 1956 486 2005 batis,
549 1953 887 2011 conjiciebant3
955 1957 1257 1999 accuratiores
1290 1956 1340 1999 in
1373 1957 1529 2016 inqui-

343 2045 486 2088 rendo
523 2044 632 2087 facti
669 2057 885 2088 antennas
926 2045 1323 2105 deprehendebant
1351 2045 1529 2106 elegan-

342 2133 532 2178 tiffimas
576 2133 839 2194 plumarum
887 2134 1036 2179 cristas
1068 2135 1329 2185 imitantes,
1396 2146 1531 2195 atque

343 2226 433 2267 fine
466 2223 613 2267 dubio
648 2223 969 2274 observarant,
1037 2225 1329 2268 Struthiones
1365 2238 1409 2267 et
1451 2228 1530 2267 Pa-

345 2330 491 2358 vones
520 2313 737 2373 depilari,
779 2313 946 2373 quibus
982 2315 1159 2374 puellae
1191 2315 1368 2358 nostrae
1398 2330 1529 2358 orna·

346 2417 499 2447 menta
531 2416 831 2453 mutuantur,
863 2420 1056 2464 capones
1088 2404 1299 2464 spoliari,
1354 2416 1408 2447 ut
1439 2403 1527 2446 mi-
