1615 2997
322 266 381 313 5²2
813 256 892 300 DE
940 269 1035 302 UsU

324 376 481 433 itaque
515 384 661 417 tactus
699 373 778 417 iste
823 372 1064 416 scrutando
1092 385 1343 433 regnatque
1370 373 1421 416 in
1451 373 1512 416 iis

324 463 563 525 partibus,
625 463 795 522 quibus
842 461 1057 507 animalia
1087 463 1325 522 attingunt
1351 461 1406 505 de
1441 462 1514 504 in-

326 553 510 602 dustria,
545 551 856 612 quodeunque
889 551 1128 611 explorare
1159 550 1324 595 velint.
1361 552 1513 609 Quam

327 641 389 687 ob
417 658 518 685 rem
547 640 671 684 haud
703 640 905 683 difficilis
937 640 1022 683 effe
1052 641 1199 701 potest
1231 639 1333 683 talis
1365 625 1512 683 sensus

326 729 641 789 investigatio.‘
700 730 826 773 Nam
855 728 1055 789 probant
1088 729 1256 773 insecta
1288 730 1373 772 usu
1399 744 1514 788 quo-

328 819 506 864 tidiano
553 818 609 861 ad
654 817 942 861 tractandum
988 830 1204 863 antennas
1242 817 1328 861 effe
1375 831 1514 879 aptas.

328 908 635 954 Attendamus
678 907 733 950 ad
781 906 1121 951 Curculionum
1160 920 1374 957 motum,
1437 906 1520 967 qui

329 997 452 1043 lente
483 996 743 1041 incedentes
772 995 1078 1056 praetendunt
1104 1009 1404 1040 antennarum
1424 996 1519 1057 api·

331 1103 434 1137 ces,
503 1086 672 1147 quibus
710 1086 954 1135 sentiatur,
1015 1086 1324 1145 quodcunque
1357 1085 1516 1136 obstat,

332 1189 387 1220 ut
423 1175 609 1219 nullum
658 1174 764 1218 viae
814 1174 1206 1234 impedimentum
1257 1174 1519 1233 periculum

333 1265 506 1308 afferat.
572 1262 875 1321 Cerambyces
914 1262 1065 1322 quieti
1101 1262 1324 1305 reclinant
1365 1275 1521 1306 anten-

333 1370 441 1403 nas,
475 1352 644 1413 quibus
671 1351 895 1412 porrectis
926 1351 1129 1411 fingulos
1162 1352 1310 1412 pass'us
1350 1352 1521 1411 disqui-

333 1455 446 1486 runt
488 1440 849 1502 progredientes.
924 1441 1131 1484 Eandem
1174 1441 1421 1484 imitantur
1450 1458 1520 1485 ra·

335 1532 515 1576 tionem
541 1533 785 1591 Lepturae.
860 1531 987 1588 Quin
1015 1525 1247 1590 Aphides,
1303 1531 1335 1572 fi
1367 1524 1518 1582 semel,

334 1637 440 1665 raro
485 1621 727 1680 exemplo,
790 1637 814 1663 a
858 1620 1081 1679 pascendo
1123 1633 1167 1662 et
1197 1620 1521 1679 requiescendo

334 1710 894 1771 paululum‘destiterint,
966 1722 1121 1752 cautae
1153 1709 1361 1752 antennis
1390 1711 1520 1768 prius

336 1811 535 1849 tentant,
618 1814 712 1858 quo
769 1798 937 1858 pedem
981 1796 1121 1857 figere
1163 1797 1345 1857 poffint.
1420 1801 1521 1841 Iam

336 1900 390 1932 ut
419 1887 501 1932 illa
531 1886 699 1931 insecta
729 1886 978 1946 providere
1009 1886 1255 1936 videntur,
1312 1904 1370 1930 ne
1408 1887 1522 1947 quid

337 1989 473 2038 caput
501 1993 557 2020 ex
588 1976 777 2021 adverso
805 1975 976 2024 laedat,
1010 1975 1069 2018 fic
1101 1993 1126 2017 a
1153 1975 1292 2019 latere
1322 1975 1524 2036 vigilant

336 2057 558 2110 antennae
596 2065 862 2115 Ciminum,
892 2065 1033 2125 Apis,
1076 2065 1250 2125 'Vespae
1282 2078 1327 2108 et
1348 2065 1522 2110 multo·

332 2172 442 2199 rum
476 2155 863 2205 Scarabaeorum;
920 2167 966 2198 at
990 2155 1205 2198 Formica
1237 2147 1522 2215 quaquavsser·

337 2245 439 2289 sum
467 2245 640 2304 tangit,
672 2244 797 2287 idem
828 2243 1009 2287 faciunt
1040 2243 1188 2286 multa
1222 2243 1310 2286 alia
1340 2244 1522 2288 insecta.

340 2336 522 2393 Quanta
565 2333 793 2377 celeritate
841 2333 1144 2392 Igneumonis
1180 2345 1224 2376 et
1252 2332 1522 2393 consangui-

338 2440 538 2469 neorum
570 2422 760 2468 vibrant
780 2421 1006 2467 tentacula
1031 2423 1125 2486 ista,
1162 2421 1330 2483 quibus
1363 2421 1522 2468 omnia
