1615 2997
456 265 941 307 ANTENNARUM.
1231 278 1284 319 13

116 383 309 443 infignes
340 393 417 423 aut
459 378 682 422 dederunt
721 395 883 438 parum
921 392 1173 422 accuratam
1211 394 1288 424 aut

118 474 270 516 datam
301 469 615 530 neglexerunt.
676 468 824 517 Nam,
875 468 1042 528 quibus
1071 482 1289 514 antennae

120 561 313 604 audiunt
341 575 510 618 organa
545 557 771 618 sensoria,
823 558 1096 618 hypothesin
1131 558 1288 602 defini-

122 650 261 693 tionis
302 648 406 692 loco
454 661 661 708 ponunt;
724 647 807 707 qui
867 664 978 691 vero
1037 649 1287 705 adjiciunt:

97 737 245 798 .sensu
272 737 399 781 nobis
433 740 602 797 ignoto,
634 737 689 780 ad
721 738 975 779 minimum
1009 755 1107 781 rem
1132 739 1293 783 obscu-

120 844 219 870 ram
251 844 274 871 e
303 826 510 870 diluculo
543 827 594 869 in
640 826 885 886 caliginem
921 826 1109 872 ducunt.
1174 831 1291 888 Qua-

119 929 309 977 propter
355 917 387 958 fi
429 915 785 965 conveniamus,
852 915 935 959 else
975 930 1189 962 antennas
1221 936 1294 964 or-

122 1021 236 1064 gana
269 1005 503 1048 articulata
535 1005 778 1064 (plurimis
802 1008 1164 1065 quaquaversum
1194 1025 1294 1052 mo-

124 1094 263 1151 bilia)
298 1094 531 1154 duplicato
560 1109 754 1136 numero
789 1094 853 1148 (i.
890 1110 926 1136 e.
961 1108 1003 1137 2.
1035 1102 1081 1153 4.
1116 1097 1190 1152 6.)
1224 1098 1295 1139 in-

125 1184 351 1227 sectorum
383 1183 528 1226 fronti
555 1183 743 1232 inserta,
777 1195 1011 1243 porrecta,
1047 1184 1170 1227 haud
1202 1188 1296 1230 nes·

125 1273 315 1323 ciamus,
347 1288 460 1332 quae
490 1274 574 1315 ssnt
601 1284 817 1315 antennae
847 1273 1148 1332 appellandae,
1185 1292 1298 1335 quae

126 1378 296 1422 organa
347 1361 402 1405 ab
451 1363 509 1406 iis
556 1362 808 1422 separanda.
900 1361 1102 1405 Sufficiat
1143 1364 1298 1423 itaque

127 1452 280 1496 nostro
346 1451 448 1494 usui
507 1451 617 1495 haee
673 1449 909 1500 definitio,
1001 1468 1297 1512 quamquam,

131 1540 257 1601 quod
289 1540 344 1582 ad
383 1557 480 1583 rem
510 1540 698 1588 attinet,
754 1556 850 1583 non
885 1540 1103 1584 omnibus
1137 1559 1300 1586 nume-

130 1630 194 1672 ris
228 1629 429 1672 absoluta
470 1629 695 1672 videatur.
777 1629 862 1671 Sed
903 1630 1005 1671 sunt
1030 1646 1128 1680 res,
1187 1649 1301 1690 quae

127 1717 373 1779 perfectam
407 1717 531 1760 haud
570 1717 845 1767 admittunt,
907 1718 1077 1777 quippe
1106 1736 1302 1778 quarum

133 1821 210 1851 aut
253 1808 407 1850 minus
447 1819 557 1850 nota
596 1807 648 1849 fit
690 1819 875 1856 natura,
935 1820 1013 1850 aut
1057 1824 1169 1867 quae
1203 1809 1302 1868 opi·

133 1898 271 1941 nione
311 1896 429 1939 male
468 1894 927 1956 comprehendantur.
991 1897 1135 1955 Atqui
1163 1911 1304 1941 mate-

133 1987 225 2036 ria,
257 1985 431 2030 nostrae
462 1985 767 2044 disquisitioni
792 1985 1013 2042 subjecta,
1054 1985 1178 2028 haud
1210 1987 1302 2031 scio

139 2093 195 2119 an
229 2087 428 2133 utroque
457 2075 578 2118 vitio
611 2087 841 2134 gravetur.

199 2162 370 2222 Quodfi
417 2160 711 2212 definitione,
785 2180 921 2224 quam
963 2165 1302 2224 proposuimus,

139 2265 358 2296 antennae
411 2251 887 2312 comprehenduntur:
967 2255 1069 2296 sunt
1125 2253 1303 2301 insecta,

139 2357 255 2401 quae
281 2341 337 2385 iis
371 2342 564 2386 omnino
599 2354 791 2386 careant.
856 2344 980 2400 Quae
1008 2342 1196 2401 quidem
1231 2358 1300 2385 oc·

141 2443 309 2491 cupant
335 2446 499 2490 genera
528 2432 748 2481 Linnaei‚
801 2433 821 2486 (
837 2447 997 2491 quem,
1030 2430 1148 2475 nulli
1180 2443 1307 2474 ento-
