1615 2997
329 266 389 314 53
769 257 1077 300 FABn1cA

391 377 699 434 Quaecunque
745 389 857 417 vero
890 372 1147 416 anatomiae
1179 372 1322 423 totius
1357 372 1516 415 insecti

331 465 559 509 obstructa
606 454 732 512 sunt,
787 463 946 506 omnia
981 475 1198 508 antennas
1226 460 1516 504 circumdant

332 567 466 613 atque
495 569 566 596 eas
602 552 797 595 omnino
833 551 925 594 fere
960 551 1119 594 celant.
1199 549 1518 609 Quamobrem

331 643 382 685 in
403 655 524 684 tanta
551 641 826 684 obscuritate
845 657 940 684 non
977 641 1035 684 est
1071 639 1355 689 mirandum,
1392 637 1520 699 quod

334 732 478 790 specie
507 714 706 789 decepti,
737 728 864 772 falsas
901 730 1118 788 quasdam
1154 729 1396 790 opiniones
1425 727 1522 771 viri

334 819 463 863 docti
496 818 757 867 statuerint,
817 831 887 866 et,
937 835 1048 877 quas
1077 817 1221 878 aliqui
1248 818 1384 861 semel
1415 833 1522 878 pro·

337 908 568 957 tulissent,
602 907 864 951 multorum
884 908 1165 967 repetitione
1192 906 1413 950 stabilitae
1447 907 1519 950 vi-

337 998 547 1041 deantur.
616 977 619 979 .

398 1090 526 1130 Inter
557 1098 730 1128 tantam
772 1097 819 1129 et
861 1086 930 1128 rei
973 1084 1293 1128 difficultatem
1335 1097 1379 1127 et
1423 1085 1523 1145 opi-

337 1177 537 1219 nionum
578 1173 928 1219 fluctuationem
971 1190 1056 1217 nos
1100 1173 1314 1233 quidem,
1384 1190 1526 1233 quam

339 1277 585 1308 tractamus
616 1280 739 1312 rem,
804 1263 857 1305 ad
885 1263 1121 1322 liquidum
1155 1263 1401 1322 perducere
1439 1262 1527 1305 mi-

339 1354 468 1396 nime
501 1352 796 1395 tentabimus.
860 1354 1078 1395 Attamen
1111 1350 1160 1393 in
1193 1349 1360 1394 talibus
1391 1351 1529 1395 rebus

341 1458 438 1486 non
471 1440 663 1484 minimi
702 1439 822 1482 lucri
855 1440 938 1488 est,
1004 1440 1037 1482 fi
1076 1439 1426 1483 observatorum
1461 1456 1530 1482 er-

341 1546 470 1574 rores
499 1529 687 1589 quidam
721 1528 1009 1578 refelluntur,
1043 1528 1305 1588 praesertim
1336 1529 1418 1587 qui
1452 1546 1531 1572 au-

344 1619 555 1661 ctoritate
595 1617 967 1661 doctiffimomm
1009 1618 1227 1662 virorum
1281 1616 1391 1660 fulti
1433 1617 1530 1662 lau·

346 1708 526 1751 dantur.

847 1795 888 1849 §.
951 1795 1022 1839 16.

507 1896 715 1932 Foramen
747 1902 821 1929 aut
851 1896 985 1929 aerem
1012 1892 1137 1929 iness‘e
1167 1904 1361 1941 negatur.

406 1975 629 2036 Vulgaris
662 1974 825 2034 opinio
859 1974 1038 2023 statuit,
1103 1973 1187 2016 effe
1215 1987 1434 2020 antennas
1462 1992 1532 2020 ca-

347 2082 456 2115 vas,
499 2079 690 2112 vacuas,
735 2062 963 2107 foramine
988 2063 1184 2123 pervias.
1252 2063 1368 2108 Orta
1400 2065 1480 2108 illa
1510 2083 1536 2109 a

349 2152 637 2199 Reaumurio
672 2152 744 2201 est,
780 2151 1004 2195 celebrata
1031 2169 1055 2194 a
1089 2152 1272 2195 summo
1306 2152 1532 2199 Linnaeo.

350 2245 435 2288 Il-le
482 2242 672 2303 quidem
719 2258 826 2284 cum
872 2239 1130 2301 Papiliones
1166 2242 1218 2284 in
1246 2257 1411 2301 aquam
1443 2243 1534 2286 im-

350 2331 592 2380 merfiffet,
637 2329 789 2375 bullas
819 2337 967 2374 aereas
1000 2329 1212 2374 antennis
1247 2330 1408 2375 erectis
1452 2332 1532 2376 ad-
