1615 2997
375 240 407 291 4
789 233 898 277 Avo
930 232 1139 277 OP‘mMo

375 348 617 419 plificata,
661 361 748 398 aut
777 350 1065 418 explicata,
1105 361 1194 399 aut
1231 349 1297 399 ad
1332 367 1553 400 commu-

373 466 493 497 nem
538 447 684 496 usum
735 450 895 516 magis
949 461 1151 515 aptata:
1229 451 1399 497 omnia
1447 450 1551 510 ista,

376 565 527 615 quam
563 564 718 613 parva
754 546 841 593 illa
873 546 997 606 fint,
1034 545 1199 594 nostra
1236 560 1405 595 tamen
1447 566 1554 596 om-

371 646 483 703 nia,
523 661 550 691 a
585 646 691 702 Te,
731 644 874 704 Ave,
911 644 1105 691 intimis
1144 644 1451 711 praecordiis
1481 645 1554 693 di-

371 742 663 800 lectiffime,
734 742 812 789 uti
858 743 1174 809 accepimus,
1244 742 1308 790 ad
1358 742 1434 791 Te
1471 744 1556 810 pia

371 852 543 889 mente
579 840 768 888 referre
806 838 1063 888 debemus.
1150 843 1233 888 Tu
1269 840 1403 889 enim
1439 861 1555 889 cum

372 939 582 1006 optimis
603 937 900 1005 parentibus
924 937 1078 998 fuisti,
1116 939 1222 1006 qui,
1261 939 1553 1007 priusquam

369 1035 479 1103 ipse
518 1037 760 1104 cogitare,
799 1037 923 1105 quin
957 1035 1142 1084 sentire
1176 1035 1450 1102 possemus,
1490 1037 1552 1086 de

368 1133 620 1182 felicitate
653 1133 816 1183 nostra
842 1134 1120 1202 cogitares;
1165 1136 1247 1181 Tu
1271 1134 1424 1195 fuisti,
1465 1130 1554 1203 qui

367 1231 515 1299 pueri
565 1245 618 1281 et
668 1231 1038 1281 adolescentuli
1099 1232 1237 1280 viam
1288 1232 1547 1302 dirigeres,

365 1330 562 1397 ingenii
634 1329 962 1378 scintillulam
1037 1331 1259 1378 excitare
1297 1325 1536 1392 studeres,

366 1428 608 1487 monitis,
651 1427 1030 1486 exhortatione,
1067 1427 1304 1494 praemiis
1331 1427 1549 1476 studium

364 1527 644 1583 animares3
681 1528 766 1573 Tu
803 1526 1026 1592 denique
1062 1524 1230 1585 fuisti,
1289 1527 1379 1594 qui
1419 1544 1548 1575 nun·

364 1642 517 1692 quam
559 1622 806 1672 defineres
845 1621 1027 1672 officiis
1073 1625 1264 1691 pariter
1300 1642 1358 1672 ac
1393 1623 1547 1674 bene—

363 1722 491 1770 ficiis
530 1721 812 1770 iuvenilem
852 1720 1050 1769 cursum
1090 1722 1337 1770 comitari.
1409 1724 1542 1784 Jam,

360 1839 476 1867 cum
515 1818 703 1868 adeffet
737 1831 973 1886 tempus,
1014 1836 1116 1885 quo
1151 1818 1214 1867 ad
1250 1820 1411 1868 vitam
1450 1820 1542 1869 ho-

359 1918 555 1966 minum
594 1916 886 1977 attendere,
967 1935 1069 1985 quo
1109 1935 1239 1984 quae
1276 1918 1539 1979 imitanda,

359 2033 557 2084 quaeve
611 2014 887 2083 fugienda,
967 2015 1176 2082 optimis
1211 2014 1541 2064 institutioni·

355 2114 450 2162 bus
492 2113 661 2173 docti,
703 2113 1001 2172 scieremus3
1041 2126 1179 2175 tum,
1233 2114 1538 2164 Venerande

357 2214 556 2273 Senex,
598 2213 769 2260 Tuum
810 2211 1139 2278 exemplum,
1182 2212 1325 2260 velut
1359 2211 1535 2262 lumen

353 2329 382 2360 e
416 2310 647 2378 specula,
728 2309 889 2358 oculis
936 2308 1115 2358 nostris
1150 2307 1529 2371 obversabatur,

351 2411 404 2457 in
455 2409 595 2478 quod
638 2410 899 2458 intuentes
939 2406 1242 2465 habuimus,
1318 2426 1420 2476 quo
1457 2425 1531 2457 er·
