1615 2997
423 267 915 308 ANTzNNARUM.
1192 276 1247 309 21

77 381 292 430 velimus,
327 393 543 424 antennae
572 381 749 424 variam
780 380 1008 423 inducunt
1038 377 1249 439 figuram,

78 487 185 515 cum
234 484 310 514 aut
349 486 468 514 unus
514 468 732 513 articulus
759 481 836 511 aut
866 468 1018 529 plures
1044 467 1250 528 longitu-

77 560 208 608 dine,
249 559 515 607 latitudine,
562 557 774 606 craffitie,
810 556 1086 616 proceffibus
1121 557 1251 599 diffe-

77 661 203 695 1·ant;
238 660 290 689 ut
309 646 611 690 Curculiones
642 646 832 705 quidam
868 646 1021 705 primo
1053 644 1247 688 articulo

76 735 308 795 longiori,
345 736 466 795 quast
493 735 754 795 pedunculo
784 747 1006 784 utuntur,
1053 740 1248 794 quapro-

73 837 176 885 pter
219 837 436 867 antennae
478 840 639 867 eorum
684 823 847 866 fractae
890 835 1142 871 vocantur,
1197 834 1250 864 ut

76 913 330 956 Cerocoma
387 912 539 971 (apud
581 912 804 970 (ieoffroy
856 924 899 954 et
950 911 1247 967 Fabricium)

76 1001 229 1045 Meloe
258 999 602 1044 Proscarabaeus
632 1000 686 1043 L.
722 1013 1021 1042 antennarum
1048 999 1248 1043 formam

77 1105 184 1148 prae
219 1089 258 1131 se
291 1087 444 1130 ferunt
474 1088 608 1146 plane
642 1087 929 1146 lingularem.
1006 1090 1117 1132 Non
1149 1088 1246 1129 ina·

74 1178 145 1220 nis
189 1177 248 1219 est
289 1177 368 1219 iste
400 1188 587 1219 naturae
616 1175 768 1226 lusus,
830 1189 880 1218 ut
907 1176 1075 1235 puerili
1102 1176 1246 1219 modo

72 1278 118 1309 et
161 1281 295 1324 opera
343 1266 416 1307 sua
455 1264 656 1307 vanitate
707 1277 750 1306 et
804 1276 1043 1307 auctorum
1085 1265 1248 1322 scripta

73 1352 482 1397 exclamationibus
523 1352 727 1411 impleat.
791 1355 894 1395 Imo
936 1353 1123 1410 singulis
1154 1368 1246 1395 cer-

76 1454 147 1485 tus
191 1443 251 1485 est
279 1443 382 1485 usus
424 1442 478 1483 ad
508 1440 678 1500 reliqui
717 1441 926 1499 corporis
957 1438 1168 1482 habitum
1203 1453 1246 1483 et

73 1531 196 1573 vitae
227 1532 455 1574 rationem
489 1529 691 1588 adaptus.
757 1528 831 1570 Sic
865 1527 1243 1578 Curculionibus,

75 1631 127 1661 ut
167 1618 258 1661 hoc
299 1631 485 1660 utamur
522 1616 732 1676 exemplo
765 1617 796 1657 fi
825 1616 878 1657 in
909 1616 1116 1675 periculo
1152 1629 1247 1660 erat

71 1705 184 1749 salus
212 1706 452 1765 praecipiti
483 1704 610 1764 lapsu
649 1704 867 1763 petenda,
934 1717 1150 1747 antennae
1182 1718 1247 1747 ta-

72 1794 136 1838 les
167 1789 542 1842 defidmfabanum
579 1808 694 1852 quae
722 1791 943 1835 facillime
973 1805 1017 1835 et
1051 1793 1244 1853 compli-

73 1884 166 1926 cari
196 1883 399 1941 poffeut,
454 1895 497 1925 et
539 1898 646 1925 cum
689 1880 878 1940 reliquis
910 1882 1068 1924 insecti
1100 1898 1244 1924 mem-

73 1970 168 2014 bris
200 1971 264 2012 ita
298 1983 616 2029 congruerent,
653 1982 704 2012 ut
737 1969 861 2012 haud
895 1969 1138 2013 difficulter
1169 1986 1244 2014 eo-

71 2075 176 2101 rum
222 2057 498 2118 processibus
537 2070 660 2101 tutae
690 2057 1000 2102 redderentur.
1065 2060 1243 2105 Verum

73 2147 199 2188 enim
239 2161 351 2189 vero
392 2161 487 2189 non
532 2146 591 2188 est
637 2146 747 2189 haec
798 2147 1038 2206 praecipua
1074 2147 1245 2190 fabrica

73 2250 219 2293 neque
247 2233 303 2275 ad
339 2233 691 2294 explicationem
726 2247 1026 2278 antennarum
1061 2252 1243 2295 genera-

71 2321 165 2364 lem
210 2338 455 2381 earumque
492 2323 624 2366 usum
668 2323 802 2367 valet.
865 2326 975 2368 Non
1007 2324 1243 2383 poffumus

73 2426 169 2453 non
201 2423 429 2470 repetere,
492 2428 629 2471 quam
659 2413 789 2473 supra
817 2412 1089 2457 induximus
1117 2428 1246 2457 com-
