1615 2997
303 282 359 330 13
729 275 1030 318 FAssnrcA

297 389 534 435 breviores
574 400 618 432 et
658 389 904 449 rigidiores
948 405 1054 432 cum
1090 389 1249 432 infecti
1280 404 1471 450 corpore

298 492 343 522 et
376 480 476 522 vita
516 478 664 537 magis
707 478 998 522 conveniant.
1063 478 1137 521 Sic
1183 494 1289 521 cum
1333 478 1471 521 mira-

298 567 424 611 tione
457 567 614 626 quaeri
648 566 788 609 solet:
835 566 948 626 quid
986 567 1066 615 fit,
1097 567 1222 626 quod
1252 567 1373 609 inter
1401 567 1473 608 in-

297 657 410 698 secta
453 654 669 714 aquatilia
711 645 917 712 ejusdem
961 667 1005 698 et
1057 655 1235 714 generis
1295 669 1338 698 et
1393 655 1473 697 afi-

294 744 443 787 mznti
470 755 513 786 et
544 743 667 787 vitae
700 743 868 787 Cancri
903 756 1120 787 antennas
1147 743 1345 787 habeant
1379 756 1473 786 tam

296 829 529 875 diversas?
567 831 702 891 quid,
735 832 861 891 quod
894 829 1181 891 longissimae
1216 832 1474 875 Macrouris

296 920 449 970 datae,
504 935 611 963 cum
642 919 900 979 Brachyuri
926 918 1148 963 brevibus
1182 932 1361 962 tantum
1390 920 1477 961 fint

296 1006 541 1052 instructi?
573 1034 636 1043 --
701 1008 1069 1068 Respondemus:
1129 1007 1287 1050 eadem
1332 1008 1474 1056 causa,

298 1115 388 1158 qua
433 1098 505 1140 illi
547 1097 762 1157 longam,
827 1096 880 1139 hi
923 1094 1114 1140 brevem
1169 1095 1359 1139 caudam
1398 1095 1477 1137 ha-

295 1186 444 1230 beant.
509 1187 633 1231 Nam
681 1187 712 1229 fi
756 1186 929 1228 Cancer
971 1186 1247 1228 Gammarus
1287 1195 1376 1238 250
1408 1199 1477 1225 ar-

295 1275 462 1319 ticulos
497 1274 762 1334 protendit,
800 1275 852 1317 C.
891 1272 1065 1332 Squilla
1102 1286 1210 1328 1503
1248 1273 1300 1315 C.
1331 1276 1476 1331 Pagu-

295 1379 374 1407 rus
419 1376 465 1406 et
502 1366 687 1406 Maenas
723 1362 849 1405 haud
890 1361 1043 1421 plures
1101 1378 1240 1420 quam
1302 1371 1354 1414 15
1398 1372 1477 1402 aut

300 1453 380 1497 16:
448 1450 522 1494 illi
561 1450 820 1510 oblongum
863 1465 1030 1510 corpus
1074 1449 1290 1493 fluctibus
1336 1448 1475 1493 maris

298 1540 445 1584 securi
489 1540 817 1588 committunt,
877 1537 1018 1598 longa
1060 1538 1201 1581 cauda
1234 1537 1289 1580 ad
1321 1549 1477 1579 natan·

298 1629 413 1673 dum
446 1628 679 1677 instructi,
733 1626 888 1688 longis
917 1626 1124 1670 antennis
1157 1626 1214 1669 ad
1243 1625 1476 1669 tentandas

298 1733 436 1778 aquas
463 1716 833 1776 agnoscendaque
863 1713 1068 1774 pericula
1101 1715 1275 1762 ornati;
1319 1713 1371 1755 hi
1401 1730 1476 1757 ro·

299 1807 444 1850 tundo
473 1807 598 1849 scuto
626 1805 735 1848 tecti
766 1805 816 1847 in
848 1803 966 1847 limo
995 1803 1086 1845 tuti
1116 1814 1298 1861 repunt,
1336 1817 1475 1861 quam

297 1895 359 1940 ob
387 1911 485 1938 rem
511 1893 692 1937 inutilis
724 1893 829 1936 effet
859 1891 1026 1941 cauda,
1064 1891 1345 1950 impedirent
1372 1891 1475 1933 lon-

300 2000 383 2044 gae
415 1996 646 2027 antennae.
680 1984 771 2025 Eae
805 1981 926 2042 apud
954 1982 1007 2025 C.
1042 1982 1344 2024 Gammarum
1373 1979 1476 2038 plu-

298 2073 427 2117 ribus
459 2089 597 2132 quam
631 2071 840 2115 ducentis
868 2069 1072 2113 articulis
1104 2068 1328 2117 constant,
1375 2069 1476 2112 No-

297 2174 476 2206 tonecta
508 2161 666 2221 glauca
698 2161 814 2205 duos
850 2172 1030 2202 tantum
1064 2156 1224 2207 habet3
1265 2172 1372 2199 nam
1406 2173 1476 2199 ra-

295 2266 386 2311 pax
416 2240 678 2295 Notoneeta
708 2247 948 2293 celerrimo
980 2260 1136 2290 natatu
1167 2245 1476 2305 impediretur

297 2339 442 2399 longo
481 2339 642 2398 capitis
686 2351 878 2387 ornatu,
931 2336 1043 2379 hinc
1074 2335 1352 2379 breviffimis
1384 2333 1474 2376 uti-

300 2441 377 2470 tur
423 2428 631 2473 antennis
676 2440 811 2489 atque
849 2442 907 2470 ne
949 2425 1197 2486 longarum
1248 2423 1473 2467 defectum
