1615 2997
333 218 394 277 46
801 217 880 259 ΒΕ
915 229 1011 259 usu

331 331 495 394 poffit:
552 331 889 393 perjucundum
936 330 1058 374 mihi
1097 343 1218 381 erat,
1247 342 1352 383 ἀὲ,
1408 333 1508 393 post

331 421 479 465 :multa
512 422 820 481 experimenta
854 420 1098 480 diligenter
1127 421 1354 471 instituta,
1389 422 1507 466 forte

331 513 373 555 se
419 512 602 555 offerret
646 511 844 558 occasio,
911 511 1044 553 omni
1076 510 1341 570 exceptione
1375 526 1504 571 supe-

329 600 442 644 rior.
505 602 702 644 Araneae
725 599 1012 642 Diadematis
1037 615 1132 642 mas
1163 599 1314 641 media
1351 600 1506 642 aestate

329 690 605 747 conjugem,
657 700 710 730 ut
754 688 945 747 opinor,
993 689 1270 747 quaesiturus
1303 687 1505 747 longissi-

328 794 409 821 :mo
454 776 534 820 filo
579 777 629 819 in
661 775 862 818 tabulam
897 776 1206 835 propinquam
1241 777 1282 819 se
1313 776 1504 819 demifit.

326 866 559 926 Equidem
619 865 888 925 priusquam
940 864 1019 907 ille
1085 864 1232 908 solum
1283 866 1505 925 attingere

326 956 485 1017 poffet,
525 971 615 1003 ore,
653 953 778 1012 quod
809 953 929 997 libro
964 966 1119 1014 aperto
1152 952 1367 1013 legeram,
1403 970 1504 997 mo·

327 1044 486 1087 dicum
530 1044 693 1087 sonum
725 1043 777 1084 in
812 1043 968 1085 museo
1005 1043 1162 1102 quieto
1198 1042 1335 1085 edidi.
1397 1044 1500 1101 Quo

325 1133 512 1176 territus
544 1133 747 1175 Araneus
789 1144 912 1174 retro
938 1130 1145 1190 fugiens,
1197 1129 1355 1180 filum,
1409 1147 1501 1189 quo

326 1223 368 1265 [e
407 1221 670 1270 demiserat,
718 1219 926 1262 ascendit.
993 1221 1096 1276 Quo
1131 1218 1276 1267 facto,
1321 1235 1379 1261 ne
1405 1219 1500 1261 ani-

325 1309 514 1352 malqui
545 1309 690 1353 oculis
719 1322 941 1352 terrorem
969 1308 1232 1364 injicerem,
1267 1320 1385 1350 tecto
1423 1323 1501 1350 ore

323 1400 507 1459 quietus
542 1398 771 1446 sedebam,
823 1410 866 1440 et
891 1397 1011 1439 intra
1043 1397 1271 1439 minutam
1299 1397 1501 1456 primam

322 1490 553 1532 Araneum
595 1488 690 1544 jam
720 1486 935 1530 reducem
964 1485 1125 1530 eodem
1156 1485 1298 1529 modo
1326 1486 1494 1528 iterum

321 1576 499 1636 fugavi.
567 1577 723 1626 Idem,
771 1577 822 1619 ni
854 1575 1009 1623 fallor,
1055 1575 1217 1634 septies
1247 1575 1494 1634 repetitum

320 1666 519 1709 totidem
571 1665 766 1708 eundem
817 1665 1029 1712 effectum
1088 1663 1264 1707 habuit.
1346 1659 1497 1724 Atque

321 1770 428 1797 eum
457 1754 604 1798 libido
636 1753 804 1797 Aranei
832 1754 1047 1796 timorem
1077 1753 1251 1812 semper
1275 1752 1494 1802 vinceret,

319 1844 505 1886 tandem
550 1846 646 1887 non
689 1842 885 1902 amplius
930 1842 1114 1884 territus
1155 1842 1244 1884 iter
1287 1841 1343 1883 ad
1374 1840 1494 1884 fene·

319 1932 454 1976 stram
484 1932 686 1992 perfecit.
751 1931 931 1990 Quibus
965 1930 1085 1973 nulli
1113 1929 1396 1973 dubitationi
1425 1930 1495 1974 lo-

320 2038 399 2065 cus
429 2021 786 2081 relinqueretur,
834 2020 948 2080 quin
978 2026 1022 2064 et
1053 2020 1145 2078 ipse
1177 2018 1495 2078 perfectissime

320 2111 497 2154 audiret
535 2123 580 2153 et
623 2110 678 2153 ad
715 2110 997 2153 audiendum
1045 2122 1264 2151 antennae
1298 2108 1495 2153 minime

317 2199 582 2243 necessariae
612 2201 710 2244 fint.
773 2199 1021 2248 Posterius,
1075 2211 1128 2240 ut
1158 2197 1282 2241 ultro
1313 2198 1362 2239 in
1391 2198 1492 2242 aliis

318 2288 642 2349 probaremus,
709 2288 860 2350 plures
916 2286 1101 2346 Gryllos
1155 2287 1493 2335 Verrucivoros

319 2393 464 2422 mares
506 2379 736 2439 cepimus,
804 2377 986 2421 auditus
1023 2376 1235 2419 acumine
1281 2375 1490 2420 celebres.
