1615 2997
419 203 906 245 AmeNNAnuM.
1193 215 1253 260 55

533 332 657 402 Cap.
697 335 794 394 IV.

105 439 399 488 ExPerimenta
437 441 909 491 peraesthetoscopium
943 440 1133 477 refutant
1164 442 1223 478 ol·

425 510 585 546 factum
614 512 660 548 in
691 514 900 549 antennis.

136 590 313 633 Habuit
358 591 510 650 itaque
561 593 766 636 summus
815 591 892 635 ille
948 586 1251 651 philosophus

76 680 389 734 conjecturam
432 680 587 730 istam,
653 698 798 741 quum
842 682 880 724 is
919 696 1078 724 veram
1110 679 1252 736 hujus

76 766 267 811 olfactus
307 785 412 811 cum
455 782 656 813 ceterum
691 769 961 813 animalium
992 768 1252 828 analogiam

74 856 333 914 sequeretur
363 873 457 900 non
489 858 538 900 in
568 861 766 918 protensi
798 877 822 901 a
846 859 990 918 capite
1022 859 1112 900 nasi
1130 858 1250 900 fimi·

72 942 320 987 litudinem
351 945 559 990 irrueret.
623 948 827 990 Eandem
859 963 969 996 nos,
1027 960 1079 990 ut
1120 946 1249 989 inda-

71 1032 286 1091 gantibus
331 1033 677 1085 satisfaciamus,
743 1035 882 1079 fufius
934 1034 1251 1079 demonstrasse

69 1120 206 1164 nobis
243 1121 475 1167 videmur.
556 1124 706 1181 Quam
747 1123 933 1183 quidem
979 1139 1109 1172 rem,
1174 1124 1249 1167 de·

69 1210 398 1253 monstratione
432 1225 631 1261 certam,
684 1225 736 1255 ut
769 1212 1095 1272 experimentis
1127 1213 1248 1255 insu-

67 1314 151 1358 per
196 1279 380 1341 firmare
440 1300 722 1350 valeremus,
794 1300 877 1343 diu
920 1301 1246 1360 cogitavimus,

69 1403 164 1445 quo
193 1387 375 1430 tandem
410 1389 552 1432 modo
584 1390 744 1432 insecti
777 1389 926 1432 varias
959 1402 1132 1449 partes,
1183 1390 1249 1432 ita

67 1475 400 1534 separarentur,
465 1490 516 1520 ut
562 1477 685 1522 salvo
719 1478 887 1521 infecto
923 1478 1143 1538 quaedam
1172 1494 1248 1522 or·

67 1579 183 1622 gana
231 1564 320 1607 sola
365 1565 482 1623 aptis
530 1565 666 1609 rebus
712 1565 766 1608 ab
816 1565 996 1625 reliquo
1054 1583 1248 1626 corpore

66 1653 258 1695 remotis
291 1651 408 1695 affici
439 1654 630 1712 possent.
663 1656 783 1698 Nam
820 1669 1098 1714 quamquam
1127 1655 1247 1698 nulli

67 1739 350 1783 dubitationi
409 1741 566 1784 locum
628 1742 841 1785 relictum
902 1742 1242 1793 arbitraremur,

66 1840 221 1872 tamen
283 1829 718 1874 demonstrationem
779 1831 833 1874 de
877 1848 1034 1874 rerum
1082 1845 1245 1875 natura

65 1929 111 1959 et
149 1916 393 1960 certiorem
441 1931 484 1961 et
522 1919 776 1962 faciliorem
828 1919 1014 1963 reddere
1047 1922 1244 1980 speravi-

64 2020 196 2053 mus,
247 2006 280 2047 fi
312 2005 465 2064 oculis¹
489 2008 702 2050 onmium
729 2007 940 2052 fidelibus
971 2025 1069 2051 rem
1103 2009 1244 2066 subji-

66 2110 284 2138 ceremus.
391 2095 705 2153 Quamobrem
772 2095 982 2156 lagenam
1042 2098 1240 2142 vitream

64 2182 284 2225 terebrari
315 2200 338 2225 a
373 2183 509 2227 latere
552 2186 816 2229 curavimus
855 2199 989 2245 atque
1033 2186 1241 2230 foramen

66 2270 184 2313 illud
231 2271 285 2313 ad
315 2271 498 2331 pollicis
535 2273 810 2317 diametrum
841 2274 1035 2318 dilatari.
1101 2276 1241 2333 Quod

65 2359 255 2419 quidem
304 2359 510 2405 foramen
574 2358 673 2406 cera
721 2364 784 2406 ita
833 2364 1236 2413 circumdedimus,
