1615 2997
363 246 425 319 ⁵78
517 250 523 253 ’
717 256 727 280 ³
827 264 907 306 Da
953 273 1066 308 usu>

365 381 582 424 navimus
608 379 662 423 ad
693 380 974 440 tangendum
995 379 1184 442 ineptas.
1217 383 1317 428 Nos
1337 382 1539 444 quidem,

363 486 647 531 quamquam
690 485 854 529 negare
898 486 995 514 non
1036 469 1273 530 poffumus
1315 473 1370 516 ad
1413 481 1540 518 aero·

361 559 527 619 scepsm
561 573 631 601 eas
667 556 887 608 adhiberi,
917 570 1035 603 certe
1065 557 1416 620 plurimahunc
1444 563 1538 606 sen-

360 650 459 693 sum
495 664 590 692 non
621 646 733 691 adeo
768 646 993 706 probant,
1057 660 1110 691 ut
1141 648 1192 691 in
1227 665 1280 693 eo
1313 647 1537 696 subsistere

361 752 596 797 cogamur.
645 736 816 794 Quodsi
842 734 1095 780 multarum
1132 736 1396 781 Murem-um
1428 738 1532 782 firn-

357 827 500 888 plices
529 839 742 868 antennas
781 824 976 869 aristatas
1020 815 1271 870 accuratius
1306 827 1536 871 examina·-

358 916 595 964 verimus,
628 915 660 956 fi
691 913 1007 973 plurimorum
1038 912 1311 975 bipennium
1331 913 1534 959 breviffi-

356 997 455 1049 rnas
475 1017 689 1047 antennas
707 1002 798 1046 fere
812 1001 1094 1053 immobiles,
1128 1015 1173 1046 at
1190 1001 1376 1054 flexiles,
1407 1020 1533 1048 com·

355 1093 672 1156 paraverimus
702 1091 757 1134 ad
785 1091 1008 1134 tuendum
1029 1103 1164 1150 caput
1188 1107 1258 1135 eas
1273 1091 1530 1143 collocatas,

355 1199 437 1226 nec
465 1181 608 1225 alium
636 1180 720 1223 effe
752 1180 1051 1239 praecipuum
1082 1179 1176 1222 illis
1193 1180 1340 1229 usum,
1369 1196 1532 1240 negare

352 1271 477 1315 haud
509 1268 795 1313 audebimus.
855 1266 994 1325 Quod
1025 1267 1211 1326 quidem
1244 1267 1530 1327 probabilius

352 1361 493 1404 etiam
521 1357 782 1406 videbitur,
815 1357 847 1398 si
878 1340 1049 1399 horurn
1076 1355 1354 1399 infectorum
1389 1359 1528 1401 meta·

352 1446 618 1508 morphofin
654 1445 1016 1489 meminerimus.
1082 1445 1205 1488 Nam
1236 1443 1428 1488 illorum
1458 1461 1527 1489 ca-

351 1550 436 1599 put
464 1536 543 1580 sub
571 1534 778 1578 antennis
805 1550 899 1577 non
934 1534 1017 1576 nifi
1049 1545 1197 1575 tenera
1230 1531 1419 1593 laxaque
1448 1551 1525 1578 cu-

350 1627 491 1671 ticula
537 1637 710 1668 tectum
753 1624 836 1672 est,
882 1638 972 1682 qua
1009 1621 1060 1665 in
1094 1620 1337 1664 vesiculam
1370 1619 1525 1667 inflata

349 1730 496 1776 pupae
529 1713 697 1755 durum
729 1710 1029 1755 involucrum
1057 1710 1279 1770 ruperint.
1312 1713 1410 1752 Iam
1428 1727 1525 1753 ma-

349 1816 429 1847 net
454 1804 628 1861 semper
654 1816 703 1842 ea
732 1815 835 1859 pars
865 1799 1107 1842 tenerrima
1140 1797 1348 1856 ceditque
1391 1796 1524 1842 omni

349 1889 649 1951 impreffioni.
677 1891 849 1947 Itaque,
883 1887 966 1930 nifi
979 1900 1107 1930 caute
1134 1885 1413 1935 defendatur,
1448 1886 1522 1930 vi·

349 1991 394 2024 ta
425 1978 583 2022 insecti
615 1992 850 2036 nunquam
879 1991 974 2019 non
1003 1977 1055 2017 fit
1082 1975 1133 2018 in
1160 1976 1340 2018 summo
1367 1974 1521 2018 discri-

347 2069 488 2111 mine.
521 2063 582 2110 A‘t
612 2081 725 2109 vero
759 2078 976 2108 antennae
996 2064 1063 2107 ita
1091 2063 1369 2107 constructae
1384 2071 1517 2122 atque

347 2158 410 2200 ita
452 2156 684 2215 dispositae
728 2156 851 2203 sunt,
913 2165 966 2195 ut
1012 2168 1200 2196 omnem
1238 2150 1465 2211 irnpetum
1493 2167 1518 2194 a

348 2246 493 2305 capite
525 2256 715 2287 arceant.
743 2242 962 2289 Vidimus
993 2239 1148 2283 eadem
1165 2240 1218 2283 vi
1241 2239 1291 2281 in
1319 2239 1517 2283 vitream

345 2333 581 2377 fenestram
609 2347 740 2374 ruere
768 2343 813 2373 et
854 2330 1047 2388 Vespam
1081 2341 1123 2371 et
1154 2328 1374 2371 Muscam.
1433 2326 1516 2374 1112

347 2422 535 2481 quidem
575 2421 671 2464 ictu
705 2421 755 2462 in
799 2418 1005 2461 antennis
1051 2429 1234 2475 accepto
1276 2414 1515 2475 stupefacta

345 2525 555 2571 praeceps
588 2508 780 2557 cecidit;
813 2507 885 2550 sed
916 2505 1050 2555 haec.
1081 2504 1220 2568 longe
1242 2503 1342 2551 ali-is
1361 2515 1515 2550 anten-
