1615 2997
430 262 922 305 ANTENNARU-:ffi
1205 272 1263 314 27

97 376 287 421 illorum
332 374 410 418 sub
450 375 641 419 nomine
682 388 824 419 cetera
857 374 1074 418 halterata
1109 375 1266 418 misca-

98 481 228 509 mus:
287 463 607 508 Culiciformia
653 464 840 523 quidem
885 479 907 506 e
950 479 1095 523 parvo
1124 464 1270 523 capite

99 554 258 613 longas
315 554 554 613 porrigent
597 565 851 602 antennas,
920 565 964 595 at
1019 564 1164 595 cetera
1218 551 1270 594 in

99 658 269 702 magno
312 658 474 701 parvas
524 654 705 684 tantum
748 640 917 684 habent
961 640 1065 700 plus
1115 640 1270 684 minus

102 732 363 774 Muscarum
392 731 599 773 antennis
632 729 824 778 ssmiles,
858 745 1017 773 omnes
1052 729 1272 772 tardiores

102 831 152 861 ut
182 818 455 878 paffivarum
477 817 851 862 denominatione
879 818 1124 861 commode
1149 833 1275 861 com-

100 907 453 966 prehendantur.
526 909 649 949 Haec
704 906 893 965 quidem
945 905 1165 950 sufficiant
1220 906 1276 948 ad

101 996 295 1056 Diptera
338 995 418 1038 illa
448 995 739 1056 pertinentia.

610 1171 650 1225 §.
701 1187 771 1216 11.

212 1273 276 1307 De
315 1272 598 1316 Fulgorarum
641 1278 681 1305 et
723 1269 922 1305 ciendum
955 1269 1165 1306 antennis.

164 1351 312 1394 Restat
357 1350 557 1409 fulgora
600 1349 887 1397 Laternaria,
948 1350 1078 1406 cujus
1125 1364 1280 1393 anten-

105 1455 184 1483 nas
219 1437 375 1484 Sulze1=
403 1438 652 1497 descripsit,
711 1436 845 1497 plane
874 1437 1133 1497 singulares.
1198 1438 1282 1485 Ille

106 1527 304 1586 „primo
350 1526 542 1570 articulo
584 1525 835 1569 rotundo“
876 1526 1032 1584 inquit
1078 1525 1283 1575 „infidet

107 1615 264 1665 „alter
304 1614 545 1674 paululum
600 1614 877 1674 compressus
908 1613 1281 1657 -innumerabiIi-

104 1702 235 1753 „bus
265 1703 460 1746 confitus
492 1701 974 1762 protuberationibus,
1019 1714 1070 1744 ut
1102 1702 1282 1746 Echino

105 1790 278 1841 „haud
343 1789 572 1834 diffimilis
633 1790 847 1834 videatur
912 1790 991 1833 iste
1049 1790 1282 1850 globulus.

107 1910 138 1930 2,
158 1878 347 1940 Singula
393 1878 551 1922 tubera
580 1878 810 1922 foramine
838 1879 1015 1939 pertusa
1050 1893 1281 1940 apparent,

108 1980 207 2018 „ut
240 1967 388 2011 aditus
414 1980 562 2027 pateat
588 1968 639 2010 in
671 1965 944 2027 globulum,
996 1968 1079 2026 qui
1109 1984 1283 2012 vacuus

109 2056 238 2105 „eft,
298 2068 349 2098 ut
381 2068 425 2098 et
459 2056 639 2115 primus
667 2055 884 2099 articulus
918 2057 1285 2115 quaquaversum

110 2174 141 2192 „
156 2142 359 2187 mobilis.
379 2153 410 2171 “
477 2143 707 2203 Equidem
754 2159 886 2193 eum,
951 2144 1191 2203 postquam
1237 2161 1289 2187 ea

110 2231 316 2291 legiss'em
381 2231 631 2290 Fulgoram
706 2232 1020 2275 Laternariam
1084 2232 1289 2276 examini

113 2319 332 2376 subjicere
365 2335 461 2363 non
487 2320 745 2379 potuerim,
778 2321 903 2380 quod
931 2321 987 2364 ad
1017 2320 1177 2365 tubera
1209 2320 1290 2365 illa

115 2408 304 2457 attinet,
359 2407 588 2466 judicium
633 2408 817 2452 differre
860 2425 1034 2471 cogom
1099 2422 1144 2454 at
1175 2425 1288 2455 vero
