1615 2997
389 297 879 340 ANTENNARUM.
1143 299 1204 354 65

28 411 239 471 subjecta.
314 411 565 455 At·multo
613 410 776 454 clarius
823 412 969 456 sensus
1014 412 1204 472 quidam

28 502 215 561 ignotus
263 501 311 542 in
355 500 633 542 insectorum
678 499 935 542 multorum
980 502 1201 551 antennis,

28 590 159 646 cujus
191 604 246 631 ne
276 587 517 631 notionem
563 587 751 646 quidem
791 586 926 630 nobis
957 589 1204 633 concedere

29 675 221 725 volunt,
281 675 499 735 explicari
530 674 653 734 poffe
689 674 887 719 videtur.
953 677 1062 720 Non
1093 676 1204 721 adeo

30 777 168 807 tenax
201 764 259 807 est
291 775 477 813 natura,
531 774 585 804 ut
631 762 1036 821 investigatoribus
1071 764 1205 824 plane

30 851 351 911 desperandum
385 852 447 894 [it.
478 873 481 879 =
513 850 659 893 Modo
697 850 848 894 sedulo
883 864 925 894 et
960 852 1107 895 sobrie
1133 852 1207 895 in-

29 940 208 999 quirere
239 954 333 982 non
370 939 634 987 desinamus,
667 955 763 987 nec,
800 940 831 980 fi
861 951 1088 984 tentamen
1119 941 1208 985 mi·

30 1042 118 1071 nus
154 1027 267 1070 bene
296 1027 567 1075 successerit,
602 1026 670 1069 rei
708 1026 1026 1069 obscuritatem
1054 1041 1100 1071 et
1128 1045 1206 1071 na-

30 1127 158 1158 turae
185 1116 429 1170 injuriam,
486 1128 569 1174 pro
603 1114 766 1170 judicii
792 1115 933 1156 nostri
966 1115 1206 1159 hebetudi-

29 1207 87 1247 ne
117 1215 161 1246 et
189 1202 515 1262 'disquisitionis
549 1201 735 1244 levitate
766 1203 1036 1247 accusemus.
1113 1205 1207 1262 Qui

30 1289 158 1351 poffe
186 1290 360 1349 aliquid
393 1306 416 1333 e
448 1302 631 1332 naturae
659 1289 882 1347 mysteriis
907 1290 1108 1351 intelligi
1131 1309 1208 1335 ne·

32 1392 165 1438 gant,
200 1378 370 1421 horum
405 1394 499 1421 non
527 1379 685 1420 minus
713 1377 962 1437 pestiferam
991 1390 1207 1437 putamus

32 1467 271 1514 inertiam,
338 1465 698 1525 quam.illormn
732 1466 1064 1514 temeritatem,
1128 1467 1210 1525 qui

33 1555 223 1612 jamjam
253 1553 519 1596 intellexisse
551 1554 708 1597 omnia
735 1553 817 1596 fibi
836 1553 1099 1612 persuadere
1131 1571 1209 1597 au·

35 1642 157 1686 dent.
218 1645 279 1685 At
311 1658 394 1685 nos
427 1641 481 1684 ab
509 1641 600 1684 istis
631 1641 886 1689 sententiis,
921 1656 943 1682 e
975 1642 1209 1697 majorum

34 1746 189 1778 rerum
225 1729 610 1787 contemplatione
645 1729 798 1773 obviis
839 1744 1084 1787 earumque
1110 1735 1212 1788 per·

34 1817 226 1861 fectioni
267 1816 620 1860 inservientibus
658 1817 715 1860 ad
747 1832 846 1859 rem
875 1816 1074 1861 nostram
1110 1832 1212 1878 per·

38 1905 318 1950 tractandam
351 1905 602 1948 redeamus.

488 2084 613 2151 Cap,
667 2079 762 2132 IX.

371 2181 918 2228 Aerotcepris.

102 2267 144 2310 A
181 2262 347 2325 primis
387 2263 505 2306 inde·
533 2261 744 2306 historiae
785 2259 1000 2304 naturalis
1048 2261 1209 2310 initiis,

45 2354 269 2413 quantum
305 2368 361 2395 ex
390 2350 710 2409 antiquissimis
741 2346 955 2407 colligere
975 2349 1212 2408 possumus

44 2439 276 2485 doctrinae
302 2440 642 2488 monumentis,
689 2450 855 2480 notum
882 2436 994 2485 fuit,
1031 2437 1115 2480 effe
1144 2437 1215 2479 iu·
1246 2445 1252 2454 ²

969 2524 1051 2578 *5
