1615 2997
291 316 343 345 ιο
720 301 1023 346 ΡΑΒΒΙΟΑ

813 418 854 472 §.
887 431 930 474 3.

637 510 949 557 Disputationis
980 509 1103 547 ratio.

346 601 654 658 Quaecunque
709 599 873 642 talium
924 599 1276 642 distinctionum
1325 598 1462 643 colle·-

285 700 379 730 ctae
421 689 524 730 sunt
567 687 995 737 denominationes,
1055 687 1147 732 hoc
1182 687 1265 732 fibi
1293 703 1464 748 propo·

283 778 486 827 fuerant,
561 790 613 820 ut
671 777 1084 837 entomologorum
1136 776 1462 836 descriptiones

283 866 494 915 subtiles,
562 882 643 926 per
678 867 718 908 se
763 866 897 909 valde
943 866 1105 915 utiles,
1171 865 1245 909 sed
1289 865 1463 925 saepius

282 954 402 997 male
465 971 573 998 cum
640 954 959 1015 entomologia
1005 956 1100 1013 ipsa
1142 966 1461 1003 commutatas,

282 1056 361 1085 aut
402 1043 677 1087 facilitarent
721 1058 797 1087 aut
840 1043 1129 1087 illustrarent.
1206 1045 1358 1102 Quam
1401 1041 1464 1086 ob

280 1147 381 1174 rem
425 1149 538 1192 quae
580 1131 711 1174 allata
745 1134 848 1175 sunt
877 1132 1198 1176 enumerandis
1231 1132 1465 1175 varietati-

281 1219 368 1264 bus
416 1220 532 1264 bene
581 1221 769 1265 consilio
813 1222 1100 1281 respondent.
1196 1223 1258 1265 At
1303 1221 1460 1265 eadem

279 1309 373 1352 hoc
412 1309 519 1353 loco
563 1326 809 1368 recoquere
851 1310 1003 1370 iisque
1044 1309 1378 1370 locupletatum
1407 1308 1462 1353 de

279 1415 409 1442 novo
442 1398 605 1442 addere
651 1400 887 1442 recensum
918 1414 1003 1443 nos
1040 1400 1237 1442 minime
1270 1398 1464 1442 tentabi-

279 1503 401 1531 mus.
465 1489 586 1532 Nam
640 1488 724 1530 nifi
774 1487 991 1531 scribenti
1041 1487 1204 1531 deesset
1248 1486 1460 1531 sedulitas

280 1576 336 1620 ad
377 1576 514 1624 talem
559 1576 762 1625 tabulam
809 1576 1206 1638 componendam,
1269 1564 1463 1635 legenti-

279 1663 366 1709 bus
409 1678 591 1708 tantum
639 1665 955 1725 indulgentiae
990 1666 1246 1708 affuturum
1281 1665 1459 1708 dubita-

278 1770 412 1802 mus,
443 1766 496 1796 ut
528 1753 667 1796 talem
703 1753 949 1797 lectionem
977 1752 1093 1796 ferre
1119 1753 1304 1813 possint.
1355 1756 1459 1797 Ete-

278 1843 382 1887 nim
421 1841 507 1884 alia
552 1843 612 1885 est
652 1830 946 1887 describentis
975 1843 1121 1892 ratio,
1180 1843 1256 1885 cui
1286 1859 1458 1902 parvus

278 1931 408 1991 pedis
461 1931 678 1976 articulus
741 1931 795 1974 ad
848 1931 1212 1991 distinguendam
1264 1932 1458 1992 speciem

278 2020 355 2064 vel
386 2020 645 2080 plurimum
678 2021 891 2070 inservit,
927 2020 1013 2065 alia
1044 2020 1244 2077 subjecta
1274 2021 1458 2080 physio-

277 2108 380 2168 logi
418 2106 688 2168 provincia,
753 2110 829 2152 cui
877 2126 926 2153 ea
952 2110 1242 2170 potissimum
1273 2109 1460 2170 seligere

278 2197 438 2247 liceat,
504 2215 619 2257 quae
653 2211 896 2248 contexto,
962 2198 1133 2258 figura,
1184 2200 1293 2248 fitu,
1353 2217 1454 2243 mo·

279 2298 364 2335 tu,
430 2286 511 2334 rel.
540 2287 712 2331 verbo:
777 2304 890 2347 quae
932 2300 1093 2332 natura
1126 2288 1343 2348 singulari
1387 2289 1454 2331 di-

278 2375 466 2426 stincta,
545 2376 783 2435 singularis
836 2378 940 2424 usus
1006 2378 1201 2436 speciem
1252 2393 1359 2438 prae
1413 2378 1454 2420 se

278 2463 448 2527 ferunt.
533 2467 664 2511 Hanc
729 2466 884 2529 itaque
928 2465 1130 2511 nostram
1179 2465 1321 2511 facere
1378 2466 1453 2509 de-
