1615 2997
284 273 343 317 50
714 258 1014 301 FAnch

282 378 515 422 videntur.
582 375 719 435 Quod
760 376 949 435 quidem
982 375 1180 420 minime
1213 376 1357 421 officit
1390 393 1467 437 ge-

281 467 428 512 nerali
455 466 748 525 reliquorum
780 481 999 515 normae,
1046 481 1100 510 eo
1130 467 1279 526 magis
1311 480 1465 510 tenen-

282 557 389 606 dae,
426 555 552 616 quod
582 554 847 605 varietates,
892 572 1006 615 quae
1041 556 1092 597 in
1127 555 1283 598 eadem
1317 558 1464 601 eonti-

281 658 450 690 nentur
499 660 605 687 cum
668 656 831 687 natura
886 643 1046 688 insecti
1099 645 1221 687 nihil
1279 647 1465 706 prorsus

280 750 531 780 commune
562 732 745 776 habent.
808 735 968 793 Itaque
996 749 1092 776 non
1124 734 1301 777 mirum
1334 735 1464 779 vide-

278 824 434 874 bitur,
498 822 624 883 quod
674 822 830 882 primo
877 822 1055 865 intuitu
1088 823 1319 867 offendere
1353 824 1465 869 solet

278 915 329 958 in
366 911 611 957 simillimis
652 911 833 955 insectis
878 923 1096 955 antennas
1146 928 1360 972 apparere
1393 913 1462 957 di-

277 1004 442 1048 versas.
504 1004 656 1062 Atque
696 1000 807 1044 hacc
846 1001 1003 1046 eadem
1033 1017 1104 1045 res
1132 1015 1461 1062 argumentum

278 1093 405 1137 addit
438 1107 523 1151 pro
557 1106 605 1133 re
639 1091 813 1134 nostra:
851 1090 981 1134 nullo
1016 1091 1187 1141 modo,
1223 1109 1337 1152 quae
1369 1095 1462 1154 spe-

278 1182 347 1227 cie
377 1194 563 1225 externa
597 1179 770 1223 variari
800 1178 1048 1222 videantur
1076 1193 1237 1224 natura
1265 1181 1350 1224 effe
1381 1199 1462 1226 va·

276 1273 382 1316 rias.
448 1269 573 1329 Quid
613 1285 722 1329 ergo
755 1268 883 1328 quod
917 1269 967 1312 in
1001 1269 1162 1312 eodem
1194 1272 1366 1315 infecto
1401 1271 1463 1315 al-

277 1362 419 1405 terius
452 1361 582 1403 sexus
616 1359 740 1418 saepe
770 1359 857 1401 sint
901 1357 1014 1425 aliae
1045 1361 1289 1403 antennae!

338 1453 394 1493 In
451 1448 721 1492 universum
785 1447 975 1507 quidem
1038 1447 1332 1492 observatum
1384 1451 1458 1500 est,

274 1539 452 1582 huncce
486 1538 647 1598 capitis
682 1550 898 1580 ornatum
934 1536 1057 1580 malo
1094 1537 1277 1588 omine,
1319 1540 1460 1582 mari-

269 1626 361 1673 ‘bus
394 1628 477 1672 effe
510 1628 761 1684 majorem,
826 1626 1111 1675 erasnm-em,
1171 1628 1320 1687 magis
1351 1644 1459 1673 con·

275 1719 512 1779 spicuam,
579 1715 707 1775 quod
753 1714 989 1758 Scarabaei
1032 1714 1350 1760 Melolonthae
1384 1734 1460 1761 ex·

275 1806 429 1866 emplo
468 1805 686 1849 omnibus
715 1818 882 1847 notum
915 1804 988 1848 est.
1051 1807 1156 1847 Imo
1187 1807 1460 1850 eorumdem

273 1895 399 1939 haud
457 1911 561 1938 raro
637 1893 850 1955 pluribus
921 1894 1165 1937 confistunt
1235 1895 1456 1946 articulis,

274 2002 413 2046 quam
450 2001 562 2045 quae
591 1982 778 2027 seminis
808 1983 1035 2027 concessae
1069 1985 1186 2027 funt.
1251 1986 1376 2028 Nam
1407 1987 1457 2029 in

272 2075 514 2135 Aphidum
557 2089 721 2133 genere
773 2071 1053 2116 feminarum
1101 2086 1316 2117 antennas
1361 2091 1455 2118 non

274 2166 357 2208 nifi
405 2166 546 2218 6—7
599 2162 817 2206 articulos
879 2162 1114 2206 continere
1163 2176 1330 2206 notum
1382 2165 1455 2213 est,

275 2270 384 2298 eum
446 2269 593 2296 mares
658 2253 834 2313 viginti
891 2252 1195 2312 pluribusque
1257 2253 1453 2313 insignes

274 2344 374 2387 fint.
458 2343 633 2403 Apium
696 2343 882 2401 regina,
964 2357 1244 2402 quamquam
1294 2343 1454 2386 ceteris

276 2431 486 2493 partibus
554 2431 701 2492 magis
766 2431 1009 2491 conspicua
1070 2444 1291 2475 antennas
1335 2431 1454 2491 gerit
