1615 2997
400 269 905 313 ANTENNARUM.
1189 285 1246 330 19

74 386 245 435 sentiat,
282 383 461 443 magnis
481 383 724 427 oculorum
747 382 897 442 globis
922 381 1150 427 abundare
1173 384 1247 427 vi-

73 475 221 518 detur.
312 475 373 515 At
416 473 466 515 in
523 471 835 515 examinandis
887 470 1009 515 hisce
1062 473 1246 533 organis

73 562 445 625 progrediamur.

587 739 628 793 ᾗ.
661 751 703 793 7.

309 837 481 885 Figura.
538 838 760 873 Antennae
788 837 1013 883 regulares.

135 918 206 962 Ab
237 917 322 960 hac
351 917 691 978 simplicissima,
724 933 836 976 quae
864 916 1117 976 excogitari
1149 918 1250 976 pos-

75 1009 128 1051 fit
156 1020 456 1050 antennarum
499 1005 648 1048 forma
689 1021 784 1048 non
812 1005 895 1047 nifi
922 1004 1162 1064 paululum
1196 1021 1250 1049 eo

75 1095 297 1138 differunt
343 1094 541 1137 aliorum
591 1105 839 1142 antennae,
912 1093 1038 1150 quod
1079 1092 1252 1152 lingula

73 1200 215 1245 parva
261 1181 468 1226 membra
507 1182 663 1224 versus
714 1179 1080 1224 articulationem
1114 1181 1252 1223 dimi-

73 1285 184 1315 nuta
219 1273 324 1320 sint,
351 1286 447 1330 quo
475 1269 669 1313 liberior
694 1268 911 1312 reddatur
944 1266 1126 1311 articuli
1151 1284 1253 1313 mo-

75 1372 178 1409 tus,
235 1358 415 1403 facilior
452 1358 595 1402 totius
642 1370 859 1400 antennae
886 1356 1004 1399 usus.
1082 1357 1254 1414 Quodsi

75 1447 131 1492 ab
172 1460 362 1506 utraque
408 1446 614 1503 cujusvis
664 1443 865 1488 membri
909 1457 1035 1504 parte
1080 1444 1253 1488 factum

76 1538 143 1585 fit,
180 1534 522 1578 moniliformes
553 1532 776 1576 habemns
808 1546 1037 1583 antennas,
1075 1534 1105 1575 fi
1138 1550 1253 1579 vero

77 1623 168 1668 sola
206 1622 343 1671 bans,
405 1638 518 1682 quae
560 1621 754 1665 articulo
794 1620 955 1669 insidet
1010 1622 1254 1666 volumine

76 1711 305 1754 diminuta
348 1710 424 1758 fit,
495 1709 698 1753 articulis
746 1708 981 1754 obconicis
1029 1725 1253 1755 vocamus

76 1813 318 1848 antennas,
376 1808 454 1840 aut
490 1798 673 1841 [enratas
707 1809 785 1841 aut
829 1799 1056 1848 dentatas,
1113 1812 1256 1859 prout

78 1889 216 1932 altera
243 1904 375 1947 pars,
435 1886 525 1930 bafi
559 1888 762 1946 opposita
798 1900 876 1929 aut
904 1886 1092 1931 brevius
1127 1898 1254 1931 trun-

78 1990 174 2020 cata
217 1978 290 2024 fit,
354 1987 432 2019 aut
480 1975 531 2018 in
588 1975 851 2034 longiorem
898 1972 1074 2034 apicem
1113 1987 1253 2019 exeat.

79 2066 192 2113 Fac,
252 2064 358 2107 tales
388 2062 534 2123 apices
568 2062 623 2106 ab
657 2063 797 2111 altero
831 2062 967 2105 latere
994 2063 1255 2122 longiffime

78 2152 397 2213 protubcrare:
431 2153 525 2209 jam
554 2152 724 2194 exstant
751 2163 966 2194 antennae
981 2152 1256 2210 pectinicor-

80 2257 184 2290 nes,
233 2256 342 2300 quas
376 2249 542 2300 gerunt
574 2255 720 2282 mares
750 2239 900 2288 Puni,
946 2239 1138 2282 Elateris
1173 2239 1252 2283 rel.

81 2329 164 2389 qui
196 2327 249 2371 ab
301 2328 358 2373 iis
385 2327 489 2388 ipsis
530 2343 701 2372 nornen
741 2340 1021 2387 acceperunt.
1086 2327 1148 2370 At
1179 2328 1252 2370 isti

80 2418 307 2478 processus
364 2416 681 2461 articulatione
725 2416 877 2473 juncti
925 2417 1032 2466 fint,
1108 2416 1255 2477 stipati
