1615 2997
502 304 992 346 ANTENNARUM.
1295 317 1325 362 9

155 432 198 462 et
228 435 326 462 rem
360 417 530 461 bonam
562 419 612 461 in
654 418 909 462 ludibrium
956 432 1134 462 vertere
1164 418 1326 463 viden-

156 521 243 552 tur.
307 509 468 567 Neque
496 521 648 550 tamen
680 507 864 551 difficile
897 509 972 557 fit,
1034 509 1203 551 etiamsi
1239 509 1327 550 mi·

154 596 348 639 randum
396 597 734 642 vocabulorum
777 614 1027 640 numerum
1068 610 1328 657 comporta·

153 686 334 734 verint,
377 687 428 728 in
463 687 768 730 enumeranda
800 687 1018 730 varietate
1044 686 1244 746 palmam
1273 687 1330 730 il-

152 774 209 818 lis
242 776 522 834 praeripere,
558 778 586 817 1¹1
620 777 721 836 quis
752 775 1026 836 farraginem
1060 776 1329 820 denomina-

153 863 335 906 tionum
368 865 427 908 iis
461 865 614 909 verbis
648 882 812 925 augere
845 866 983 914 velit,
1031 881 1145 925 quae
1176 867 1329 909 novis-

154 953 262 995 sima
294 953 567 998 classificatio
600 955 760 998 docuit
792 958 852 1012 2).
924 957 1048 997 Haec
1077 955 1202 997 enim
1234 967 1331 999 tota

154 1041 246 1085 fere
288 1043 339 1085 in
386 1042 618 1087 subtiliori
662 1056 962 1086 antennarum
991 1044 1200 1087 examine
1227 1060 1333 1088 ver·

152 1131 301 1181 satur,
354 1132 616 1191 distinguit,
671 1147 764 1190 qno
790 1131 934 1174 modo
969 1131 1108 1190 capiti
1140 1132 1217 1175 vel
1251 1132 1330 1176 sub

153 1220 231 1263 vel
269 1222 402 1280 supra
432 1220 510 1263 vel
541 1221 662 1263 inter
691 1219 766 1262 vel
795 1233 895 1263 ante
930 1220 1089 1263 oculos
1125 1221 1332 1264 inserun-

155 1321 256 1358 tur,
293 1309 653 1368 denominatque
686 1324 783 1352 non
810 1308 957 1352 solum
992 1309 1135 1352 totius
1169 1311 1332 1369 organi

155 1397 378 1458 figuram,
442 1398 515 1441 sed
559 1397 865 1440 articulorum
909 1397 1047 1439 etiam
1081 1414 1331 1444 numerum

157 1500 201 1530 et
234 1487 525 1547 singulorum
566 1485 936 1545 descriptionem.

216 1611 255 1660 ι)
286 1611 475 1658 Ludwig
515 1613 564 1648 de
604 1610 797 1646 antennis
838 1611 954 1645 haud
985 1613 1098 1646 ultra
1129 1617 1183 1656 47
1217 1612 1331 1648 diffe-

321 1681 476 1716 rentias
505 1693 526 1716 e
553 1681 771 1721 Linuaeo,
805 1679 1064 1721 Seliaeffero,
1111 1682 1330 1724 Erxlebio,

321 1751 541 1792 Mffllero,
573 1750 723 1785 Retzio
751 1750 951 1795 colligere
980 1750 1150 1796 potuit3
1200 1753 1333 1786 Bons-

321 1819 422 1856 dorf
460 1821 509 1855 de
553 1819 746 1854 antennis
798 1820 873 1854 160
913 1819 1135 1855 varietates
1167 1832 1333 1857 enume-

321 1890 435 1926 ravit
469 1899 509 1925 et
542 1889 719 1924 totidem
758 1887 844 1925 fere
869 1888 1193 1925 subdivisiones.

214 1981 258 2030 2)
300 1979 571 2027 Helvetzjche
616 1977 947 2029 Entomologie,
1011 1979 1118 2014 liber
1160 1980 1330 2026 dignus,

325 2050 402 2085 cui
440 2050 643 2095 quislibet
684 2051 1057 2094 eutomologornm
1087 2058 1201 2094 optet
1232 2060 1333 2084 con·

324 2118 622 2154 tinuationcm.
688 2121 747 2153 At
789 2119 962 2154 editoris
994 2130 1105 2153 vana
1136 2119 1184 2153 in
1215 2119 1332 2154 ador-

324 2188 475 2224 nandis
516 2188 629 2235 typis
679 2188 900 2224 ostentatio
931 2197 973 2224 et
998 2189 1158 2234 duplex
1187 2188 1234 2223 in
1269 2200 1331 2224 ea-

325 2258 417 2293 dem
474 2257 658 2293 editione
713 2267 854 2294 textus
903 2267 941 2293 et
989 2259 1247 2293 vernaculus
1294 2266 1335 2293 et

330 2327 518 2362 Gallicus
551 2327 644 2362 fatis
672 2338 914 2374 argumenta
941 2330 1156 2375 praebent,
1191 2341 1211 2362 e
1243 2326 1334 2373 qui·

327 2397 408 2431 bns
443 2395 526 2431 fine
554 2397 821 2434 divinatione
849 2399 1091 2444 neglectum
1121 2397 1237 2445 operi
1263 2408 1333 2436 va·

322 2465 562 2502 ticinemur.
