1615 2997
448 256 939 299 ANTENNARUM.
1223 270 1283 313 57

105 369 292 429 plexus,
360 383 403 413 et
443 370 761 414 musculorum
816 371 979 431 pulpa,
1043 383 1086 414 et
1133 371 1279 432 adipis

106 458 351 517 coagulum
394 481 456 491 ——
496 459 575 501 suo
625 475 827 519 quaeque
871 459 1025 503 colore
1070 459 1280 503 distincta

102 562 198 588 non
239 545 369 589 facile
415 546 767 591 confundantur.
845 549 972 605 Quot
1023 561 1182 591 contra
1224 549 1277 592 in

100 633 279 676 insectis
312 651 512 684 macres,
565 652 764 694 quorum
801 652 908 678 cum
936 652 1095 679 omnes
1124 649 1273 695 partes

101 722 364 766 concolores
406 725 479 766 seu
508 726 663 784 potius
699 725 786 766 fine
819 723 916 767 ullo
952 724 1104 767 colore
1138 725 1274 767 trans-

98 823 304 869 parentes
332 812 430 860 fint,
466 812 618 854 visum
651 813 846 855 omnino
882 811 1060 856 fallunt.

154 899 348 941 Ludunt
391 912 433 941 et
480 900 790 942 instrumenta.
854 900 1041 943 Etenim
1080 916 1176 943 non
1203 902 1269 945 fo·

94 985 193 1028 lum
225 1000 424 1029 extrema
462 989 664 1046 panium
699 987 880 1031 exilitas
912 987 1132 1046 impedit,
1176 1005 1270 1046 quo

93 1075 249 1117 minus
285 1076 467 1118 tractari
494 1075 676 1134 poffint,
706 1075 779 1117 fed
804 1076 950 1133 magis
982 1076 1118 1116 etiam
1148 1076 1266 1118 mol-

90 1162 212 1205 lities
241 1163 453 1205 omnium
484 1163 794 1211 internarum,
841 1178 954 1221 quae
995 1164 1115 1221 quafi
1149 1162 1268 1222 gela-

91 1250 286 1293 tinosam
321 1251 487 1292 saniem
523 1251 834 1298 constituunt,
896 1266 992 1293 non
1023 1251 1105 1293 nifi
1133 1252 1267 1295 vario

91 1337 286 1381 artificio
340 1338 678 1397 aliquantulum
741 1337 1138 1387 consolidandam,
1211 1352 1265 1382 ut

94 1443 222 1486 aegre
265 1443 287 1468 a
327 1427 368 1469 se
410 1426 615 1470 invicem
670 1424 1017 1486 quodammodo
1069 1427 1262 1485 separari

93 1528 274 1574 queant.

147 1606 298 1662 Atque
328 1604 533 1661 insuper,
581 1616 798 1662 tanquam
831 1614 901 1645 tot
933 1615 1144 1661 tantaque
1173 1602 1259 1644 dis-

87 1691 297 1735 fectionis
343 1690 567 1733 obstacula
614 1690 739 1732 haud
790 1689 1036 1738 sufficiant,
1100 1706 1259 1734 omnes

87 1778 470 1823 animalculorum
497 1790 643 1837 partes
672 1778 722 1819 in
753 1776 988 1836 perfectis,
1030 1794 1142 1836 quae
1174 1795 1258 1821 vo-

88 1881 249 1911 cantur
287 1866 466 1909 insectis
511 1866 624 1908 dura
682 1865 822 1907 crusta
865 1865 1170 1907 circumdatae
1214 1879 1258 1909 et:

85 1956 282 1998 inclusae
314 1956 442 2002 sunt,
478 1954 552 1996 cui
578 1954 642 1995 ita
670 1951 936 2001 adhaerent,
967 1965 1019 1995 ut
1045 1953 1124 1996 illa
1156 1969 1257 2012 ape-

84 2044 170 2087 riri
205 2042 445 2100 frangique
475 2054 691 2099 nequeat,
758 2042 870 2099 quin
907 2041 990 2083 hae
1021 2040 1154 2083 fimul
1187 2041 1254 2083 di-

85 2130 350 2173 strahantur.
416 2131 594 2187 Quanta
626 2128 990 2187 impedimenta,
1036 2143 1128 2186 quo
1165 2127 1253 2170 mi-

84 2234 170 2261 nus
210 2216 413 2259 multum
457 2217 507 2260 in
550 2216 760 2260 universa
787 2217 1064 2260 insectorum
1099 2228 1254 2259 anato-

85 2323 160 2349 me
196 2303 428 2349 efficiatur.
