1615 2997
292 270 353 315 26
725 272 1028 315 FABnicA

294 399 339 430 et
381 387 602 447 deprimit
653 387 916 447 cylindrum
972 388 1373 433 membranaceum
1421 389 1473 433 in

294 477 538 526 cavitates,
606 494 798 535 quarum
829 477 999 522 fundus
1029 480 1121 539 ipse
1149 479 1372 538 impulsui
1403 495 1471 522 ce-

293 565 391 615 dit,
440 578 493 608 ut
529 564 752 608 affirmare
786 567 1057 616 audeamus,
1123 567 1294 611 nullibi
1322 567 1471 627 magis

292 667 503 696 naturam
550 671 599 696 ea
634 654 713 702 vi,
788 673 925 715 quam
956 655 1262 700 elasticitatem
1304 672 1472 701 vocare

292 742 514 791 solemus,
593 743 781 792 caviffe,
868 760 926 787 ne
988 761 1081 804 quo
1138 746 1319 805 impetu
1369 761 1471 805 pars

293 828 467 874 defensa
522 831 641 874 laedi
697 833 855 891 poffet.
944 837 1042 876 Iam
1095 833 1179 877 hae
1226 847 1468 882 antennae,

291 937 406 980 quae
448 931 526 963 aut
563 921 613 962 in
640 921 767 964 vivis
798 922 978 965 insectis
1017 938 1101 981 per
1124 921 1294 965 lentem
1324 921 1473 964 obser·

290 1010 411 1053 vatis
450 1022 527 1052 aut
571 1010 622 1051 in
658 1026 819 1052 eorum
853 1009 1039 1070 figuris,
1100 1011 1183 1070 qui
1211 1010 1266 1053 de
1300 1010 1471 1065 Muscis

291 1112 376 1142 etc.
423 1099 632 1158 scripsere
672 1098 839 1142 melius
885 1099 1033 1148 cerni,
1099 1116 1238 1159 quam
1292 1085 1470 1142 accura-

289 1187 458 1230 tiffima
501 1186 804 1246 descriptione
855 1187 966 1230 disci
1006 1187 1220 1247 possunt,
1284 1187 1469 1230 nullum

289 1277 432 1320 alium
479 1289 664 1318 motum
723 1275 891 1319 habere
934 1277 1155 1320 videntur
1209 1278 1293 1319 nisi
1345 1293 1466 1325 eum,

287 1382 428 1426 quern
473 1363 617 1407 modo
672 1364 985 1423 descripsimus
1038 1382 1203 1425 parum
1256 1365 1472 1408 volunta-

286 1455 443 1502 rium,
508 1453 571 1494 ita
598 1464 651 1494 ut
679 1451 804 1496 haud
836 1453 1137 1498 incommode
1167 1453 1364 1515 paffivae
1395 1471 1471 1515 ap·

287 1542 450 1603 pellari
481 1541 663 1601 poffint.

349 1631 480 1675 Tales
521 1644 736 1674 antennas
782 1631 976 1676 an‘statas
1021 1633 1052 1678 i.
1087 1649 1123 1676 e.
1156 1645 1234 1675 aut
1260 1634 1350 1676 seta
1386 1646 1464 1675 aut

288 1720 447 1781 pluma
473 1719 524 1760 in
554 1719 708 1762 medio
737 1720 974 1763 instructas
1010 1737 1153 1779 pauca
1182 1733 1363 1764 tantum
1398 1721 1466 1765 bi·

287 1808 482 1868 pennia,
532 1819 710 1866 praeter
737 1808 942 1857 Riuseas,
984 1808 1177 1858 habent,
1228 1823 1272 1853 at
1298 1810 1465 1856 similes

288 1910 334 1940 et
364 1908 500 1939 motu
533 1908 577 1938 et
622 1908 784 1938 natura
824 1909 1039 1940 antennas
1069 1897 1240 1941 habent
1265 1898 1467 1957 plurima

288 1985 370 2030 sub
402 1984 562 2028 eodem
592 1985 782 2027 nomine
813 1984 1074 2029 militantia.
1148 1988 1272 2032 Nam
1299 1989 1331 2030 fi
1364 2004 1466 2032 om·

288 2076 366 2117 nia
407 2074 603 2132 Diptera
646 2073 894 2114 secundum
935 2074 1193 2118 sermonem
1220 2075 1461 2136 vulgarem

285 2165 338 2206 in
375 2163 486 2205 duas
532 2161 776 2220 phalangas
819 2161 1142 2207 distribuamus
1185 2176 1229 2206 et
1272 2180 1465 2225 corpore

285 2250 489 2295 rotundo
516 2250 729 2292 instructa
763 2250 1106 2301 Musciformia,
1155 2251 1370 2312 longiora
1402 2267 1463 2297 te-

288 2341 397 2384 nuia
430 2338 752 2382 Culiciformia
786 2339 1063 2398 appellemus
1097 2353 1149 2384 ut
1187 2341 1258 2385 liis
1287 2355 1476 2401 praeter.

288 2429 470 2474 Calices
531 2427 760 2488 plurimae
832 2428 1026 2489 Tipulae
1088 2443 1457 2480 annumerentur,
