1615 2997
474 226 962 270 ANTENNARUM.
1232 238 1292 285 59

117 344 298 386 haerere
335 341 622 392 obse1·vavit;
684 359 772 401 qua
810 358 857 384 re
891 341 1042 383 lucem
1074 353 1286 384 antenna-

116 448 218 474 rum
257 431 561 491 disquisitioni
594 430 818 474 orituram
848 430 1031 489 putavit
1066 434 1124 486 1).
1198 430 1290 473 Cui

118 521 205 563 fine
237 519 378 563 dubio
424 517 564 562 fidens
597 520 826 563 Linuaeus
859 526 1008 560 ae'rem
1040 517 1286 566 elasticum‚

118 608 389 651 immixtum
442 607 744 655 humoribus,
802 606 1010 649 antennis
1063 605 1290 649 contineri

116 696 297 739 afferuit
329 700 388 752 2).
463 697 549 738 His
595 695 783 754 quidem
829 693 1092 738 auctoribus
1126 693 1288 752 opinio

115 796 292 843 recepta
324 797 367 826 et
397 783 733 843 aliquantulum
768 797 896 826 aucta
928 783 1016 831 est,
1050 794 1102 824 ut
1130 796 1290 825 omnes

115 871 456 931 entomologiae
482 871 744 931 physiologi
777 885 989 914 antennas
1016 886 1196 920 vacuos,
1219 882 1290 912 tu-

115 959 251 1003 bulos
288 970 386 1003 ae're
419 960 614 1019 repletos
656 959 901 1003 habuerint
935 963 994 1014 3).
1056 957 1290 1000 Bousdor-

117 1047 230 1090 fium
267 1048 457 1090 unicum
490 1064 636 1107 nuper
668 1048 959 1094 invenimus,
996 1043 1291 1105 qui-profite-

114 1149 255 1208 retur,
288 1137 328 1177 se
360 1135 540 1178 lacunas
573 1135 673 1179 illas
710 1135 917 1194 detegere
948 1149 1044 1177 non
1078 1132 1287 1194 potuisse,

115 1238 159 1267 at
199 1224 393 1267 Linnaei
439 1224 755 1267 auctoritatem
805 1222 958 1266 vereri
1000 1227 1062 1278 4).
1147 1221 1289 1280 Equi·

116 1312 221 1354 dem
261 1327 355 1354 non
389 1311 500 1354 adeo
545 1311 813 1371 religiosus,
877 1327 1157 1369 quamquam
1191 1325 1289 1351 rem

116 1400 258 1459 ipsam
292 1399 492 1443 refellere
522 1415 615 1442 non
661 1399 933 1458 potuissem,
995 1410 1152 1440 contra
1182 1413 1290 1440 con-

118 1488 363 1531 clufionem
400 1504 457 1530 ex
489 1488 627 1531 aereis
656 1486 872 1536 bullulis,
909 1485 988 1528 sub
1013 1503 1127 1546 aqua
1155 1502 1289 1544 appa-

115 1576 350 1624 rentibus,
417 1576 693 1635 disputararn
729 1577 784 1632 ⁵-).
883 1575 1006 1618 Nam
1069 1572 1287 1617 omnibus

116 1664 338 1707 membris
382 1664 591 1706 minimis
633 1663 848 1722 ficcisque
894 1678 1032 1721 aquae
1075 1660 1289 1704 immiffis

118 1761 265 1795 ae‘rem
321 1751 559 1793 adhaerere
614 1750 917 1794 observaram.
1011 1749 1297 1798 Addendunr·

116 1840 291 1888 suisset,
359 1856 464 1881 cum
509 1856 622 1898 aqua
655 1839 704 1882 in
736 1838 914 1882 vafibus
947 1838 1154 1881 calefacta
1186 1836 1296 1880 bul--

115 1928 232 1971 lulas
265 1928 472 1970 emittere
504 1927 666 1976 soleat,
723 1943 835 1986 quae
854 1923 1080 1986 proxima
1106 1926 1287 1984 corpus-

119 2016 243 2064 cula,
292 2016 528 2057 moventia
555 2032 660 2075 prae
689 2015 874 2062 ceteris,
924 2015 1191 2072 sequantur:
1242 2024 1288 2055 et

115 2104 448 2147 Rea11111111·ium
494 2117 538 2145 et
579 2103 692 2146 alios
728 2102 1037 2154 observatores
1069 2100 1301 2153 facillime·

120 2192 269 2250 decipi
299 2191 506 2250 potuisse.
568 2193 629 2234 At
661 2207 785 2234 nunc
812 2189 1048 2241 subtilium
1082 2188 1286 2248 partium

119 2279 511 2340 disquirendarum
541 2295 636 2322 non
672 2257 805 2338 plane
836 2278 1118 2336 inexpertes,
1179 2274 1282 2318 nul·

117 2368 211 2412 lam
243 2368 379 2411 inesse
413 2368 617 2413 antennis
644 2368 902 2415 cavitatem,
937 2381 1084 2425 neque
1117 2362 1281 2411 ullum,
