1615 2997
283 298 314 342 6
727 300 1028 342 FABRICA

283 426 430 464 mata,
470 427 554 473 aut
585 414 835 475 spiracula.'
882 415 1113 475 Equidem
1145 432 1253 460 cum
1288 417 1337 459 in
1367 417 1461 460 fen·

284 504 417 547 suum
476 518 686 548 naturam
749 504 870 564 apud
927 505 1093 548 insecta
1158 506 1458 564 inquirerem,

285 609 570 652 quamquam
625 605 924 636 antennarum
979 594 1267 637 mentionem
1317 592 1461 637 facere

283 682 455 741 saepius
491 697 706 741 cogerer,
755 697 838 726 nec
865 681 1086 726 fabricam
1120 681 1293 726 horum
1330 699 1461 742 orga-

281 786 451 813 norum
484 770 662 815 filentio
700 771 1024 833 praeterirem,
1086 783 1240 815 tamen
1273 771 1461 815 univer-

281 858 417 901 salem
461 859 648 903 istarum
690 860 895 918 partium
943 860 1187 908 notitiam,
1249 877 1362 919 quae
1411 860 1462 904 in

280 946 594 1005 systematibus
622 947 839 997 docetur,
903 948 1248 1008 supponendam
1280 948 1460 1008 putavi,

281 1036 613 1079 accuratiorem
652 1035 858 1079 internae
885 1053 992 1097 prae
1021 1037 1182 1082 ceteris
1214 1037 1463 1081 structurae

280 1125 635 1185 explicationem
680 1124 856 1168 tradere
902 1126 988 1169 vix
1015 1125 1163 1169 volui.
1227 1127 1288 1169 At
1329 1123 1462 1174 vero,

280 1230 337 1257 ne
376 1214 570 1257 monitis
612 1213 772 1256 amicis
823 1213 1007 1257 surdam
1035 1213 1249 1273 praebere
1301 1231 1459 1257 aurem

278 1292 548 1351 videamur,
591 1319 738 1361 neque
768 1302 881 1350 ulli,
929 1315 1154 1362 quantum
1187 1303 1376 1363 quidem
1409 1303 1460 1345 in

278 1391 415 1435 nobis
445 1393 580 1434 situm
619 1391 699 1440 est,
751 1389 941 1449 deficere
971 1391 1204 1441 velimus,
1246 1405 1459 1435 antenna-

277 1496 384 1522 rum
418 1479 796 1538 descriptionem,
835 1496 949 1538 quae
980 1479 1313 1523 defiderabatur
1345 1480 1459 1538 adji-

278 1584 377 1612 cere
407 1581 654 1617 conamur,
688 1568 773 1610 hae
808 1569 879 1628 [pe
913 1585 962 1611 ac
994 1581 1176 1628 rogatu,
1212 1585 1283 1618 ne,
1321 1586 1459 1629 quam

277 1669 520 1716 expertum
563 1670 630 1699 est
672 1657 878 1715 primum
910 1656 1029 1699 illud
1059 1657 1110 1700 in
1141 1657 1266 1701 hisce
1300 1658 1459 1702 studiis

277 1761 527 1794 conamen,
592 1744 703 1787 huic
734 1744 1050 1803 supplemento
1095 1745 1345 1805 denegetur
1374 1747 1458 1794 Vi·

276 1849 441 1878 rorum
477 1834 744 1879 Doctorum
785 1831 1088 1895 indulgentia.

808 2015 848 2069 §.
878 2027 921 2058 2.

667 2108 706 2142 H
733 2106 748 2141 i
777 2118 792 2142 s
826 2115 841 2141 t
872 2119 896 2142 o
926 2118 947 2142 r
981 2104 997 2139 i
1030 2117 1066 2141 a.

339 2188 616 2247 Quicunque
657 2203 754 2231 non
800 2169 933 2248 plane
979 2202 1140 2232 coecus
1188 2203 1270 2246 per
1312 2187 1455 2248 splen·

277 2276 557 2320 didiffimam
580 2289 767 2320 naturae
797 2278 974 2321 scenam
999 2275 1299 2325 oberraverit,
1328 2276 1457 2321 illius

276 2366 580 2410 attentionem
624 2365 784 2425 fugere
825 2382 922 2410 non
965 2377 1218 2426 potuerunt
1261 2364 1455 2425 lingula-

276 2455 345 2498 ria
385 2454 467 2499 ista
507 2455 557 2497 in
598 2456 744 2516 capite
784 2456 1063 2500 insectorum
1106 2453 1315 2498 membra
1346 2467 1456 2513 por-

989 2527 1200 2671 eei
