1615 2997
300 274 360 321 23
737 264 1036 306 FABRICA

298 380 549 425 facillimus
589 381 649 424 est
691 395 843 430 error,
912 381 944 422 fi
985 392 1078 422 tam
1114 396 1255 440 parva
1299 378 1477 437 objecta

298 487 395 514 non
431 471 514 513 nisi
546 470 595 512 in
622 470 747 513 siccis
792 469 1078 512 animalculis
1112 468 1301 511 scrutari
1330 481 1476 527 potes.

297 560 398 605 Nec
432 576 528 602 non
562 558 755 607 dubito,
815 575 872 601 an
906 555 1051 601 careat
1082 557 1284 616 Fulgora
1319 559 1475 600 Later-

298 649 425 690 naria
458 648 567 696 seta,
621 663 735 705 quae
780 646 1069 705 reliquorum
1105 646 1308 703 ejusdem
1344 661 1476 705 gene·

295 736 360 779 ris
405 734 622 779 terminat
663 748 891 778 antennas.
957 735 1246 793 Quibuscum
1293 734 1478 777 Cicada-

295 841 402 868 1·um
435 837 653 867 antennae
687 836 977 882 congruunt3
1012 837 1289 884 quapropter
1320 839 1478 866 earum

297 913 652 957 delineationem
717 913 808 955 hoc
872 912 977 956 loco
1052 912 1246 969 adjicere
1308 911 1474 954 deceat.

297 1005 413 1044 Sunt
448 1019 521 1045 eae
556 1003 767 1049 setaceae,
811 1000 1015 1044 articulis
1051 1001 1232 1045 duobus
1266 1000 1475 1044 tribusve

294 1090 456 1133 infidet
488 1092 575 1132 [eta
615 1090 898 1139 tenuiffima,
967 1107 1081 1149 quae
1113 1091 1163 1132 in
1193 1091 1323 1132 larva
1354 1089 1475 1132 nihil

295 1179 421 1221 aliud
467 1179 550 1227 est,
620 1195 759 1238 quam
815 1178 1119 1221 articulorum
1169 1179 1473 1226 continuatio,

294 1281 346 1310 ut
379 1267 581 1311 craffiori
611 1267 803 1311 cuilibet
836 1267 1030 1311 articulo
1059 1267 1247 1310 insideat
1277 1268 1473 1310 tenuior.

295 1356 467 1414 Quodsi
511 1357 563 1397 in
606 1358 842 1414 imagizzem
873 1356 1001 1399 larva
1029 1369 1230 1405 mutata,
1293 1356 1474 1415 primus

293 1444 512 1488 articulus
556 1445 585 1487 s.
615 1457 834 1487 antennae
862 1443 974 1489 bafis
1005 1445 1211 1501 ejusdem
1243 1445 1476 1504 magnitu-

293 1534 415 1577 dinis
448 1533 531 1582 est,
579 1549 717 1592 quam
747 1546 849 1576 ante
876 1533 1046 1583 fuerat,
1102 1535 1201 1578 imo
1233 1533 1474 1578 increviffe

291 1623 507 1670 videtur,
547 1638 653 1663 cum
689 1636 846 1665 contra
878 1622 1049 1682 reliqui
1073 1623 1124 1665 in
1156 1622 1471 1666 tenuiffimum

291 1710 442 1771 pilum
496 1712 793 1759 transierunt,
857 1723 910 1752 ut
959 1711 1130 1753 constet
1181 1724 1374 1753 antenna
1416 1727 1474 1754 ex

291 1798 496 1859 globulis
543 1798 709 1857 quibus
751 1799 839 1841 seta
871 1798 1074 1842 infideat.
1139 1800 1213 1842 Sic
1247 1788 1472 1843 Cicadum

291 1900 337 1931 et
361 1886 667 1946 Fulgorarum
700 1888 750 1929 in
785 1888 1055 1930 universum
1084 1901 1316 1937 antennae,
1351 1888 1472 1931 hisce

289 1989 453 2019 natura
485 1978 559 2018 fua
603 1975 767 2019 similes
801 1976 1026 2036 Fulgorae
1062 1977 1351 2039 Laternariae
1385 1995 1469 2037 pu-

290 2077 466 2112 tamus;
513 2064 568 2106 de
601 2081 694 2123 quo
720 2065 758 2106 ii
788 2065 1084 2122 judicabunt,
1140 2067 1223 2126 qui
1252 2080 1329 2109 aut
1357 2067 1471 2110 viva

289 2151 403 2195 hacc
434 2154 599 2195 infecta
630 2154 890 2197 examinare
928 2155 1135 2215 possunt,
1195 2168 1273 2198 aut
1301 2154 1468 2214 quibus

291 2243 337 2284 in
358 2239 528 2300 spiritu
574 2245 666 2285 vini
708 2244 880 2286 servata
923 2256 1238 2303 apportantur.
1302 2246 1362 2287 At
1387 2260 1467 2286 va-

291 2345 433 2372 cuum
476 2346 573 2373 non
619 2331 702 2374 effe
758 2331 868 2375 bans
917 2331 1163 2391 globulum
1207 2334 1297 2375 fine
1335 2348 1466 2375 mora

291 2418 501 2465 divinare
533 2419 769 2465 audemus.
815 2423 920 2465 Imo
951 2420 1011 2464 est
1039 2436 1213 2467 vacuus
1230 2423 1284 2464 in
1300 2422 1463 2465 nostris
