1615 2997
346 225 405 280 56
840 223 916 267 ΒΕ
950 234 1044 267 υευ

343 355 417 392 ut,
480 342 646 403 papyri
681 342 846 386 cereati
875 341 1067 385 frustulo
1095 340 1336 401 imposito,
1404 338 1535 384 facile

344 431 496 476 claudi
527 432 687 492 poffet.
751 434 848 474 Iam
879 431 970 475 hoc
1003 431 1172 492 papyri
1201 430 1420 474 foliolum
1459 443 1538 474 aut

341 538 485 582 parva
532 518 682 564 fissura
730 521 886 564 medio
921 521 1152 571 divisum,
1213 533 1290 563 aut
1318 537 1401 564 acu
1434 536 1538 580 per-

342 611 547 655 foratum
588 609 796 654 admittit
844 625 922 654 aut
976 620 1222 654 antennam
1280 623 1358 653 aut
1402 623 1538 670 caput

342 700 527 750 insecti,
618 701 807 744 exclusis
870 699 1061 760 reliquis
1111 700 1217 745 vivi
1271 699 1540 743 animalculi

344 790 578 851 partibus,
640 802 692 833 ut
732 806 780 834 v.
817 805 854 834 c.
917 791 1102 834 Muscae
1125 791 1265 834 vivae
1316 803 1452 851 caput
1486 789 1537 833 in

345 879 505 940 lagena
541 881 621 929 fit,
688 893 819 924 torax
849 892 956 924 cum
990 875 1242 924 abdomine
1273 892 1317 923 et
1347 878 1538 923 artubus

346 969 664 1019 excludantur,
700 970 884 1030 integro
918 966 1165 1031 illaesoque
1199 971 1390 1014 infecto.
1432 971 1538 1029 Quo

345 1059 467 1104 facto
515 1068 589 1103 ae'r
637 1062 688 1103 in
734 1060 894 1120 lagena
947 1059 1148 1104 inclusus
1193 1077 1276 1121 pel·
1317 1056 1538 1104 tubulum

300 1129 306 1133 ⁵
346 1149 572 1194 odoribus
604 1150 808 1211 impleri,
842 1149 1100 1210 vaporibus
1128 1150 1401 1200 humectari,
1432 1146 1540 1210 igne

347 1238 567 1289 calefieri,
629 1239 792 1283 multis
841 1239 995 1283 modis
1038 1240 1213 1284 variari
1244 1239 1412 1300 potest,
1477 1240 1541 1283 ita

347 1343 423 1380 ut,
488 1331 663 1373 intacto
693 1328 876 1389 reliquo
905 1344 1098 1390 corpore
1130 1329 1302 1372 inclusa
1330 1329 1541 1373 animalis

345 1436 449 1480 pars
492 1420 621 1462 varie
668 1418 905 1465 afficiatur.
981 1421 1087 1463 Hoc
1145 1420 1335 1480 quidem
1395 1419 1540 1463 modo

348 1525 455 1553 cum
499 1508 699 1570 singulae
744 1522 924 1570 partes,
986 1508 1157 1571 quibus
1189 1509 1325 1554 rebus
1359 1510 1544 1553 irriten-

347 1611 424 1642 tur
455 1599 642 1660 poffunt
676 1600 867 1650 tentari,
923 1612 1060 1660 atque
1092 1600 1420 1660 experimentis
1453 1599 1542 1643 rite

345 1703 391 1732 et
434 1689 617 1750 copiose
657 1689 877 1733 institutis
925 1690 1149 1734 sentiendi
1185 1690 1305 1733 ratio
1351 1689 1543 1750 singulis

347 1779 532 1839 organis
566 1780 756 1840 propria
789 1779 974 1822 tandem
1005 1778 1264 1822 definienda
1299 1779 1400 1828 erit,
1436 1779 1543 1822 aest-

345 1866 671 1930 hetoscopium
726 1868 971 1914 brevitatis
1029 1869 1157 1913 causa
1204 1884 1286 1912 vas
1331 1868 1541 1912 nostrum
1578 1914 1582 1917 ,

347 1959 574 2020 appellare
619 1959 785 2003 deceat.
856 1960 980 2004 Nam
1005 1991 1019 2009 ,
1054 1972 1108 2002 ut
1151 1958 1365 2019 exemplo
1398 1958 1542 2019 paulo·

347 2050 532 2094 rudiori
562 2065 662 2093 rem
691 2049 999 2111 explicemus,
1066 2050 1098 2092 fi
1136 2047 1356 2110 ampliori
1380 2048 1540 2108 lagena

347 2139 556 2184 hominis
604 2139 816 2183 membra
859 2140 1117 2183 scrutentur
1183 2138 1309 2199 (gpro
1362 2152 1540 2199 papyro

349 2229 503 2274 charta
549 2228 896 2275 membranacea
941 2241 1021 2272 aut
1071 2228 1197 2272 aliud
1238 2228 1420 2272 corium
1454 2229 1540 2272 ser-

348 2321 480 2378 viat)
521 2333 565 2363 et
598 2336 762 2364 manus
801 2317 1069 2363 includatur
1112 2317 1312 2362 calorem
1353 2317 1464 2362 haec
1497 2328 1542 2361 et

349 2410 498 2470 frigus
529 2409 845 2470 humidosque
871 2424 1067 2470 vapores
1097 2409 1260 2451 sentire
1290 2406 1454 2468 poffit,
1496 2419 1543 2450 at
