1615 2997
587 764 713 832 Cap.
762 765 804 813 I.

265 872 573 910 praemonenda
605 881 646 908 et
678 871 973 918 disputationis
1004 874 1128 921 leges.

110 963 374 1033 Antennae
406 982 683 1024 insectorum
700 1010 711 1027 ,
779 992 947 1038 organa
972 980 1053 1022 ista
1081 992 1175 1023 tam
1202 997 1282 1026 va-

111 1072 177 1114 rie
207 1085 341 1131 atque
368 1083 461 1113 tam
494 1066 732 1111 artificiose
765 1067 1034 1126 composita,
1081 1085 1105 1112 a
1141 1071 1286 1130 capite

110 1159 282 1204 horum
315 1156 698 1202 animalculorum
731 1157 965 1215 protensa,
1017 1156 1178 1216 agilia,
1229 1173 1284 1202 eo

113 1249 440 1293 accuratiorem
489 1243 849 1304 disquisitionem
892 1242 1184 1305 studiumque
1217 1245 1287 1289 di-

114 1335 334 1396 ligentius
390 1346 649 1382 merentur,
712 1332 837 1392 quod
887 1348 935 1375 ea
978 1348 1084 1375 cum
1129 1335 1288 1378 ceteris

115 1423 390 1467 animalibus
443 1420 660 1466 omnibus
717 1434 880 1480 negata
946 1420 1128 1464 insectis
1182 1422 1288 1466 solis

115 1513 266 1572 iisque
310 1511 401 1554 fere
446 1509 663 1554 omnibus
706 1509 806 1551 data
847 1511 972 1558 sunt,
1042 1521 1143 1552 tum
1186 1511 1288 1560 Iitu,

118 1598 292 1660 figura,
359 1611 493 1642 motu
537 1597 590 1640 ab
624 1596 841 1640 omnibus
875 1595 1163 1656 reliquorum
1197 1599 1292 1642 ani-

117 1688 312 1733 malium
359 1685 607 1735 membris,
662 1701 719 1728 ne
768 1684 1002 1728 vermium
1051 1686 1294 1731 tentaculis

120 1777 309 1837 quidem
337 1774 562 1834 exceptis,
614 1772 746 1833 plane
780 1774 954 1817 diversa
984 1775 1292 1835 reperiuntur.

120 1868 245 1911 Nam
288 1863 458 1922 vulgus
500 1861 687 1923 quidem
731 1874 807 1905 aut
850 1862 1047 1922 negligit
1078 1875 1156 1907 aut
1188 1879 1294 1908 con-

119 1953 312 2001 temnit,
394 1967 506 2011 quae
549 1952 599 1993 in
644 1965 801 1994 rerum
850 1964 1010 1993 natura
1053 1951 1298 1995 volumine

120 2042 306 2086 minora
335 2038 555 2099 languido
589 2040 629 2082 se
661 2039 931 2082 subtrahunt
967 2038 1180 2089 obtutui,
1215 2057 1298 2084 nec

123 2130 307 2177 desunt,
365 2129 447 2188 qui
492 2126 839 2187 elephantorum
888 2127 1061 2170 molem
1095 2141 1172 2171 aut
1202 2129 1298 2172 leo·

124 2235 240 2262 num
283 2215 519 2276 mugitum
570 2228 648 2259 ant
680 2229 963 2260 cometarum
997 2216 1199 2260 terribile
1227 2218 1297 2273 ju-

122 2305 207 2350 bar
248 2304 518 2353 desiderent,
581 2305 850 2364 priusquam
892 2305 1017 2347 tarda
1056 2318 1301 2348 moveatur

126 2394 332 2439 attentio.
397 2394 457 2436 At
500 2408 614 2438 vero
656 2393 815 2454 quiin
845 2405 1030 2436 naturae
1056 2393 1299 2453 investiga-
