1615 2997
400 300 455 352 14
832 293 1126 339 FAmucA

363 390 367 391 ⁷
394 409 697 470 mologorum
729 408 970 469 ignotum,
1023 409 1075 452 in
1098 408 1219 452 hisce
1249 406 1573 468 disquisitioni-

393 498 480 542 bus
503 497 794 559 potiffimum
819 498 1081 557 sequamur)
1107 497 1426 558 Phalangium,
1460 500 1572 542 Ara-

392 603 504 636 nea,
540 587 747 647 Scorpio.
811 588 935 631 Nam
964 603 1076 647 quae
1102 587 1295 631 illorum
1324 588 1569 631 nominan-

394 689 470 718 tur
503 688 722 719 antennae
752 688 829 719 aut
856 677 949 721 oris
981 688 1153 736 partes,
1184 676 1310 736 palpi
1343 677 1458 725 funt,
1492 689 1570 720 aut

391 781 518 808 arma
548 764 680 808 lateri
704 763 861 808 infixa.
924 767 1034 808 Prae
1077 765 1239 808 ceteris
1269 780 1383 809 vero
1416 777 1569 809 anten-

390 855 463 898 nis
507 866 629 898 ca1·et
673 853 983 903 Monoculus,
1046 855 1177 911 cujus
1214 854 1350 914 pedes
1391 855 1571 914 pectori

390 942 632 986 infidentes
677 958 730 985 eo
786 941 939 985 officio
981 941 1264 1002 funguntur,
1341 943 1468 1003 quod
1518 943 1571 987 in

390 1048 508 1092 aqua
534 1032 673 1092 pedes
717 1046 921 1074 exercere
962 1030 1163 1091 poII'unt.
1226 1033 1386 1092 Itaque
1429 1033 1568 1076 mira-

389 1136 523 1170 mur,
555 1108 681 1180 quod
707 1120 764 1168 ii,
795 1120 944 1163 nescio
981 1136 1073 1179 quo
1111 1103 1289 1170 errore,
1326 1120 1381 1164 ab
1415 1122 1569 1165 omni-

388 1208 502 1259 bus,
554 1221 779 1269 quantum
813 1207 933 1251 mihi
960 1208 1149 1268 quidem
1181 1220 1349 1253 notum
1382 1210 1455 1260 est,
1490 1227 1568 1254 en-

388 1298 644 1358 tomologis
689 1298 897 1340 antennis
949 1296 1200 1354 adjudicati
1251 1299 1348 1341 [int.
1441 1301 1566 1344 Haec

389 1387 579 1447 quidem
624 1387 790 1429 insecta
823 1399 976 1429 carent
1017 1388 1241 1431 antennis.
1307 1390 1458 1445 Quem
1487 1388 1564 1432 de-

387 1475 562 1519 fectum
605 1475 844 1534 quomodo
896 1477 1257 1535 compensaverit
1309 1489 1456 1520 mater
1494 1493 1563 1521 re·

387 1581 522 1614 rum,
574 1564 665 1608 hoc
691 1564 828 1607 altera
860 1563 1188 1623 disquisitionis
1216 1579 1344 1625 parte
1371 1565 1563 1611 illustra-

389 1653 543 1704 bitur,
579 1653 634 1697 ab
668 1653 753 1697 hac
779 1653 996 1698 alienum.

913 1833 952 1889 ᾗ·
990 1843 1034 1889 5·

776 1926 887 1962 Situs
918 1936 957 1962 et
984 1925 1168 1966 insertio.

448 2012 628 2057 Praeter
657 2013 758 2057 illas
786 2015 1115 2074 proprietates,
1171 2027 1281 2074 quas
1319 2011 1370 2057 in
1400 2011 1559 2059 defini-

388 2103 513 2145 tione
547 2116 847 2146 antennarum
883 2103 1180 2163 collegimus,
1232 2103 1356 2147 hand
1388 2105 1560 2148 multae

386 2192 515 2240 sunt,
568 2207 681 2251 quae
713 2192 768 2245 de
798 2191 1015 2237 omnibus
1057 2194 1108 2235 in
1136 2193 1403 2237 universum
1433 2210 1561 2253 prae-

386 2279 530 2323 dicari
564 2281 745 2340 poffint‘.
820 2284 996 2326 Totum
1050 2281 1328 2326 insectorum
1376 2298 1557 2343 corpus,

387 2368 513 2428 quod
541 2368 710 2414 ossibus
747 2384 896 2421 caret,
931 2383 1032 2414 cute
1065 2370 1301 2421 indurata,
1336 2373 1457 2432 quali
1490 2388 1559 2415 ca-

387 2457 617 2518 taphracta
645 2476 808 2504 cornea
836 2460 1032 2521 tegitur,
1081 2461 1367 2510 continetur,
1408 2460 1560 2505 defen-
