1615 2997
461 285 945 328 ANTENNARUM.
1231 297 1285 342 15

119 403 258 447 ditur.
319 401 491 444 Eadem
528 401 578 443 in
617 401 882 444 universum
922 401 981 444 est
1007 399 1175 445 fabrica
1209 420 1283 446 an—

118 506 374 536 tennarum.
459 492 520 533 At
568 505 845 549 quamquam
893 489 1058 550 finguli
1103 493 1287 537 articuli

118 579 346 625 velamine
386 578 563 622 duriori
598 577 770 622 obtecti
800 580 927 628 funt,
987 592 1139 624 tamen
1164 580 1286 624 illud

116 680 436 728 tegumentum
468 667 668 727 reliquae
695 667 973 711 insectorum
1004 670 1172 713 crustae
1203 670 1287 713 du-

118 758 222 800 ritie
268 757 410 806 cedit,
475 757 574 801 imo
615 757 667 798 in
699 756 859 800 multis
894 757 1004 800 adeo
1037 757 1178 801 molle
1210 760 1283 809 est,

117 859 169 889 ut
201 846 256 889 ad
290 845 526 889 vermium
560 845 796 888 delicatam
818 844 1099 906 superficiem
1128 849 1288 907 proxi&

117 951 192 978 me
224 935 415 978 accedat.
479 936 712 977 Antennae
754 947 854 977 ante
893 951 943 978 os
984 937 1286 995 praetendun-

119 1036 218 1073 tur,
270 1023 343 1066 sed
375 1039 470 1067 non
503 1022 665 1066 eodem
695 1023 747 1065 in
780 1023 997 1067 omnibus
1023 1025 1135 1075 fitu3
1185 1027 1288 1069 sunt

118 1113 359 1161 distantes,
423 1112 526 1153 sunt
573 1110 662 1153 bafi
704 1112 970 1170 contiguae,
1038 1113 1288 1157 nonnullae

117 1218 260 1262 prope
302 1200 524 1245 verticem
554 1200 840 1248 inseruntur,
904 1201 1152 1245 nonnullae
1180 1219 1287 1262 pro·

118 1289 294 1335 boscidi
324 1289 555 1338 infist11nt3
608 1301 831 1348 geruntur
864 1289 974 1333 aliae
1007 1290 1088 1334 sub
1123 1291 1286 1341 oculis,

118 1380 232 1423 aliae
274 1380 406 1439 supra
446 1378 653 1426 eosdem,
715 1376 825 1420 aliae
873 1379 922 1420 in
972 1378 1076 1437 ipsis
1125 1379 1289 1424 oculis.

122 1469 209 1512 Sed
241 1468 412 1511 etiamst
450 1467 575 1511 oculi
603 1466 790 1525 quidam
819 1467 868 1508 in
900 1467 1061 1509 circuli
1093 1467 1291 1512 modum

123 1571 422 1601 antennarum
460 1555 581 1598 bases
637 1555 947 1603 circumdant,
1003 1568 1155 1598 tamen
1195 1573 1292 1601 non

122 1646 269 1691 multa
298 1646 420 1688 inter
454 1657 673 1702 utrosque
705 1643 933 1687 connexio
971 1642 1054 1686 effe
1086 1644 1290 1690 videtur.

122 1736 256 1780 Certe
288 1750 383 1777 non
413 1733 476 1775 ita
519 1733 621 1775 sunt
660 1732 893 1791 dispositae
936 1743 1181 1782 antennae,
1241 1747 1294 1777 ut:

123 1837 201 1869 aut
248 1823 304 1866 ad
342 1820 562 1871 tuendos,
634 1833 712 1863 aut
752 1820 805 1863 ad
848 1819 1090 1880 poliendos
1132 1821 1294 1866 oculos

122 1926 251 1957 natae
281 1913 378 1955 [int.
453 1909 601 1968 Quid,
666 1909 792 1968 quod
823 1908 950 1953 oculi
982 1921 1025 1952 et
1054 1908 1294 1954 substantia

126 2018 289 2047 cornea
335 2013 379 2043 et
429 1997 575 2059 figura
623 2014 828 2042 convexa
875 1997 1025 2042 multo
1068 1997 1292 2050 duriores,

125 2090 329 2134 retractis
363 2089 569 2131 antennis
593 2088 764 2147 saepius
796 2085 1032 2146 refugium
1062 2085 1184 2130 dant.

187 2180 493 2238 Quaecunque
531 2176 810 2224 insectorum
850 2174 1056 2218 membra
1099 2176 1296 2235 tegmini

129 2268 351 2312 crustaceo
381 2267 541 2309 inferta
569 2267 699 2314 sunt,
746 2281 801 2307 ne
828 2266 916 2307 fine
944 2264 1075 2308 omni
1106 2264 1295 2309 mobili-

129 2370 219 2400 tate
246 2357 492 2417 rigescant,
554 2355 684 2398 testae
726 2354 865 2397 durae
892 2352 1196 2397 foraminibus
1225 2353 1295 2395 in-

129 2445 313 2489 haerere
354 2460 450 2489 non
503 2444 711 2504 poffunt,
790 2443 873 2486 nifi
918 2458 999 2503 per
1047 2440 1296 2485 cuticulam
